1915 2663
515 199 599 245 ’4224‘
881 190 957 229 Dr,
1006 183 1363 230 TRocH‘Bm‘fi.

518 253 598 292 1M
623 250 690 288 fiet
713 247 908 304 quadrans
941 251 1032 300 IX,
1056 258 1095 292 &
1126 249 1225 290 finus
1256 249 1385 290 versus
1410 249 1582 304 IQfiet
1604 247 1736 289 radius

512 309 534 347 »Ι
541 309 571 345 L
585 339 595 356 ‚
612 314 688 348 δίε.

575 365 715 416 Itaque
742 376 809 416 per
831 361 1167 416 Propofitionem,
1192 361 1537 402 semi-trochoides
1556 360 1668 400 AFD
1691 359 1737 397 fi-

517 434 588 458 nus
615 419 712 459 Versl
742 420 802 458 IL
826 417 901 457 erit
931 417 1171 472 quadrupla,
1199 419 1264 456 seu
1282 417 1466 460 diametri
1491 419 1562 457 IH
1594 416 1738 470 dupla,

517 474 702 529 quod.est
723 473 1006 515 Corollarium.

575 533 674 571 Haec
698 539 737 574 δε
769 532 893 570 multa
920 531 1019 582 alia,
1046 529 1134 570 cum
1160 531 1267 570 circa
1289 546 1413 571 annos
1437 539 1536 582 1635
1565 537 1606 571 δε
1633 539 1738 581 1640

513 587 681 642 >vigente
706 586 830 628 animi
853 587 995 627 robore
1017 585 1246 627 detexiffem
1260 621 1270 638 ‚
1293 595 1333 629 ὃς
1355 586 1437 627 fere
1463 586 1598 626 omnia
1611 587 1739 639 publi-

518 644 563 684 ce
600 643 800 685 multoties
829 642 1098 698 patefecissem
1121 678 1131 695 ,
1165 657 1246 684 tam
1273 645 1316 683 in
1346 643 1550 684 Cathedra
1578 643 1743 695 Regia,

522 700 640 754 quam
674 702 714 740 in
746 703 962 740 multorum
991 700 1200 740 donorum
1224 701 1484 741 conventibus
1511 719 1520 744 3
1547 699 1672 738 immo
1700 705 1742 741 δε

515 757 758 811 ‚quibussibet
791 757 926 797 amicis
955 757 1119 797 literatis
1147 757 1357 811 privatim,
1379 757 1541 796 unicam
1567 755 1670 794 hane
1694 753 1744 794 de

516 814 770 868 longitudine
801 813 1021 853 trochoidis
1056 814 1372 867 Propositionem
1395 815 1544 867 semper
1574 812 1739 864 reticui,

517 870 719 923 sperabam
744 871 851 909 enim
871 869 1008 909 eadem
1033 869 1225 908 methodo
1251 877 1262 918 (
1281 885 1399 923 quam
1425 870 1570 923 primus
1586 900 1595 913 ‚
1609 881 1653 907 ut
1668 883 1742 921 pu-

517 937 585 975 to,
609 926 743 965 detexi
767 929 778 973 )
814 940 877 965 me
902 926 1029 964 multo
1054 926 1203 977 majora
1225 926 1469 965 detecturum
1487 958 1497 975 ,
1523 938 1640 979 atque
1663 925 1740 962 im-

515 982 654 1035 primis
679 983 818 1021 multas
841 981 1109 1036 quadraturas.
1145 982 1234 1021 Nec
1262 996 1324 1021 me
1342 982 1423 1035 spes
1446 996 1493 1020 ex
1513 993 1599 1019 toto
1631 978 1743 1018 fefel-

519 1038 585 1082 lit;
610 1039 833 1078 innumeras
862 1038 970 1078 enim
989 1037 1119 1078 adhuc
1139 1050 1256 1077 teneo
1270 1072 1280 1089 ,
1302 1052 1384 1077 non
1409 1051 1471 1085 eas
1492 1050 1625 1084 tamen
1648 1050 1743 1089 quas

514 1094 713 1149 praecipue
741 1094 1018 1145 intendebam,
1043 1093 1092 1133 de
1117 1094 1256 1148 quibus
1284 1093 1459 1134 viderint
1480 1085 1625 1188 polfferi
1651 1092 1742 1146 qui-

520 1152 589 1190 bus
612 1152 693 1191 haec
716 1152 845 1192 nostra
866 1151 1081 1206 speculatio
1103 1166 1185 1190 non
1199 1151 1274 1190 erit
1298 1148 1431 1190 forsan
1448 1150 1551 1190 inuti
1571 1150 1613 1189 is.
1645 1150 1742 1189 Hoc

520 1220 652 1248 tamen
682 1224 748 1248 eos
784 1208 956 1248 monebo
977 1242 987 1258 ,
1024 1207 1246 1248 doctrinam
1271 1207 1319 1247 de
1344 1220 1524 1246 motuum
1553 1205 1740 1259 eompofi-

523 1264 635 1304 tione
658 1265 756 1305 adeo
780 1264 1041 1305 universalem
1068 1262 1167 1313 effe,
1192 1277 1236 1304 ut
1256 1279 1330 1304 nee
1361 1263 1505 1317 analysl
1528 1263 1604 1302 sola
1626 1277 1741 1302 coer-

521 1334 676 1366 ceatur3
699 1337 772 1361 nee
798 1320 977 1371 adjuncta
1004 1320 1252 1360 infinitorum
1286 1320 1488 1370 doctrina,
1509 1334 1598 1358 eum
1622 1318 1741 1358 ratio-

517 1378 668 1416 nalibus
692 1385 731 1418 δε
751 1377 1046 1416 irrationalibus
1064 1409 1073 1424 ,
1088 1389 1205 1429 atque
1225 1376 1514 1429 logarithmicis
1536 1376 1739 1429 quantita*

518 1433 639 1477 tibu53
663 1433 807 1486 quippe
834 1433 916 1471 ha’c
939 1433 1074 1471 omnia
1097 1445 1226 1472 motus
1248 1430 1553 1486 comprehendit
1567 1465 1577 1481 ,
1597 1447 1678 1471 non
1691 1432 1738 1470 ab

519 1488 605 1542 ipfis
643 1487 1022 1542 comprehenditur:
1050 1488 1144 1527 hinc
1178 1488 1376 1528 latiffimus
1404 1501 1512 1542 patet
1544 1488 1741 1526 exercita-2

517 1545 692 1583 vtionibus
716 1544 1016 1585 Mathematicis
1041 1559 1199 1599 campus
1214 1578 1224 1595 ‚
1246 1544 1432 1599 idemque
1455 1542 1659 1599 plusquam
1675 1542 1737 1583 so-

516 1600 629 1642 lidus,

573 1657 835 1711 Negligentia
858 1670 991 1697 tamen
1016 1658 1125 1709 mea,
1147 1658 1257 1713 quod
1278 1658 1381 1699 nihil
1407 1659 1524 1712 praelo
1550 1657 1742 1700 commit?

518 1727 666 1764 terem,
691 1713 837 1754 factum
861 1715 914 1753 est
935 1727 978 1753 ut
1002 1714 1164 1769 quidam
1192 1716 1377 1755 Extranei
1403 1714 1576 1754 nationis
1600 1715 1741 1755 nostrae

519 1771 645 1810 :emuli
659 1803 669 1820 ,
691 1773 755 1811 vel
773 1770 901 1824 potius
927 1770 1056 1811 eidem
1082 1771 1231 1822 invidi,
1255 1787 1301 1811 ex
1326 1786 1463 1812 eorum
1483 1785 1648 1811 numero
1668 1771 1737 1824 qui

522 1840 565 1866 ut
579 1826 675 1873 fuci,
688 1842 805 1882 apum
818 1825 928 1867 favos
942 1827 1150 1878 invadunt,
1165 1836 1205 1870 δε
1216 1828 1323 1882 quod
1337 1830 1538 1868 elaborare
1549 1842 1631 1866 non
1649 1827 1737 1881 pos-

519 1883 607 1923 sunt
627 1885 725 1934 mel,
748 1884 787 1924 vi
812 1891 851 1926 δέ
873 1884 1015 1935 injuria
1038 1884 1105 1923 fibi
1124 1884 1340 1925 vendicant
1354 1918 1364 1934 ‚
1385 1886 1508 1924 multa
1528 1898 1613 1923 mea
1635 1882 1735 1923 mihi

518 1941 668 1994 eripere
697 1952 956 1991 conarentur,
987 1955 1110 1994 eaque
1136 1940 1201 1979 fibi
1231 1941 1415 1981 tribuere.
1458 1940 1533 1980 Sed
1552 1948 1592 1981 &t
1617 1939 1667 1979 ad
1694 1938 1736 1980 id

520 1996 754 2046 adjuverunt
790 2011 836 2036 ex
867 1997 1117 2036 Nostratibus
1149 1995 1334 2050 quidam,
1360 1997 1461 2036 mihi
1488 2012 1563 2051 pra:
1587 1995 1736 2039 caeteris

519 2053 669 2097 invidi;
697 2053 765 2107 qui
787 2052 878 2092 cum
901 2054 1000 2092 mihi
1023 2054 1124 2093 nihil
1145 2053 1339 2106 reliquum
1360 2053 1435 2093 esse
1457 2064 1644 2108 cuperent
1663 2066 1736 2093 nec

518 2109 683 2157 :Lamenta
717 2125 803 2151 mea
840 2110 907 2151 fibi
931 2124 1115 2164 arrogare
1137 2109 1350 2162 auderent,
1375 2126 1424 2152 ne
1448 2108 1606 2151 ridiculi
1633 2108 1734 2161 apud

1598 2165 1735 2205 Gallos
