1915 2663
541 153 620 192 DE
679 151 1053 192 Taocnornn
1326 168 1406 208 425

185 213 327 254 Gallos
353 213 615 262 haberentur,
639 227 684 251 ea
706 212 869 251 cuilibet
901 226 1111 261 extr-aneo,
1136 217 1405 276 (quamquam

187 271 322 310 multis
349 271 460 310 annis
484 268 713 323 posteriori)
729 268 846 322 quam
870 269 971 308 mihi
992 270 1057 308 suo
1075 245 1154 307 civr
1170 276 1209 310 &
1231 283 1324 308 vero
1343 286 1406 310 in-

189 326 368 377 ventori,
391 328 554 367 mallent
579 325 784 370 addicere;
807 333 846 367 &
870 325 917 366 fic
937 325 1324 379 contraperspee’tam
1340 327 1408 367 hbi

187 383 394 422 veritatem
407 415 417 431 ,
431 390 472 424 δε
493 382 620 422 verbis
640 390 680 423 δε
705 381 854 436 scriptis
877 381 1127 436 impudenter
1146 382 1320 423 mentiri.

244 439 321 479 His
344 439 514 489 artibus,
542 438 621 493 ipsa
646 437 874 478 trochoides
894 473 904 489 ,
926 439 1082 492 ejusque
1108 452 1313 493 tangentes
1328 473 1338 491 ‚
1365 448 1405 482 δέ

185 495 326 550 plana,
350 494 414 536 scd
436 503 475 537 &
498 494 621 534 solida
646 494 770 535 ferme
794 496 929 535 omnia
953 495 1054 534 mihi
1076 508 1208 549 erepta
1230 495 1338 541 sunt;
1362 511 1407 537 ac

184 565 237 591 ne
265 551 315 591 ad
345 566 520 593 extrema
549 550 652 592 fures
680 565 954 606 penetrarent,
976 553 1075 591 solus
1107 552 1209 591 obex
1230 553 1403 603 obstitit,

188 606 358 648 solidum
380 609 485 649 circa
501 623 614 650 axem
631 608 766 662 ,quod
787 608 834 647 de
856 608 1044 649 industria
1056 623 1146 649 cum
1167 609 1407 663 Propositio-

182 678 235 704 ne
258 665 450 720 praemissa
461 665 510 706 de
530 642 783 720 longitudine
794 665 1040 705 reticueram.
1075 665 1270 716 Sustinui,
1287 674 1326 708 &
1345 681 1408 706 ex-

184 723 339 775 pectavi
349 721 477 762 donec
494 721 735 775 circaipsum
749 720 918 760 solidum
932 720 1037 761 foede}
1057 735 1234 761 errarent
1248 723 1315 776 qui
1331 738 1408 777 prae

184 778 331 819 caeteris
347 779 477 834 sapere
488 777 1001 840 viderivolebant,quorum
1014 778 1199 832 ipsorum,
1209 778 1318 833 super
1333 781 1408 819 hac

180 848 256 883 re,
283 835 413 875 literas
437 834 700 889 autographas
726 848 944 874 etiamnum
967 833 1141 884 asservo,
1163 834 1304 888 easque
1325 850 1409 876 non

181 890 346 932 unicas:
377 905 471 932 tunc
498 892 594 932 veto
623 890 791 930 solidum
813 891 939 945 ipsum
958 891 1121 944 vulgavi
1141 906 1245 930 anno
1276 901 1375 944 1645
1397 924 1408 939 ,

180 947 400 1002 nostrisque
427 962 544 1002 atque
565 948 642 987 illis
669 948 864 987 extraneis
886 946 1080 1002 patefeci,
1109 962 1278 1002 quorum
1306 955 1408 997 (ex-

183 1015 412 1044 traneorum
443 1005 633 1058 inquam)
657 1004 883 1058 responsum
915 1004 1050 1058 accepi
1076 1004 1256 1043 moeroris
1287 1017 1407 1059 atque

180 1059 471 1114 indignationis
497 1062 658 1114 plenum
676 1094 686 1111 ,
707 1061 758 1100 ob
789 1076 963 1100 errorem
993 1073 1132 1099 contra
1163 1060 1270 1113 spem
1299 1061 1407 1101 suam

179 1116 430 1169 patefaCmm.
468 1117 644 1156 Laetabar
666 1117 848 1167 interim,
874 1125 914 1159 &c
934 1117 1017 1156 haec
1034 1117 1112 1156 illis
1136 1115 1299 1156 subinde
1318 1123 1406 1166 (ar-

172 1173 386 1226 sogantisis
410 1172 567 1222 forsan)
592 1174 878 1228 exprobrabam
892 1207 904 1222 ‚
931 1172 1051 1214 Certe
1073 1188 1168 1212 meae
1183 1173 1403 1227 quisquilia:

178 1228 344 1280 alicujus
369 1230 456 1270 sunt
484 1230 625 1283 pretii,
657 1231 698 1270 in
727 1245 821 1284 quas
849 1228 953 1269 fures
987 1230 1087 1270 adeo
1118 1229 1261 1284 cupide
1288 1230 1405 1270 invo-

177 1284 287 1336 lent,
314 1287 453 1340 easque
473 1286 540 1325 fibi
561 1286 731 1326 retinere
748 1288 857 1326 tanta
873 1285 1091 1341 pertinacia
1113 1285 1374 1327 contendant.

238 1341 396 1382 Poffum
418 1357 550 1382 tamen
572 1342 857 1393 cumlibuerit‚
876 1358 962 1383 mea
984 1343 1005 1383 Ξι
1027 1342 1178 1382 furibus
1200 1356 1406 1397 recupera-

171 1413 234 1444 xe.
269 1399 412 1439 Habeo
436 1399 543 1439 enirn
563 1399 613 1440 ad
633 1398 675 1440 id
701 1399 958 1439 instrumenta
980 1398 1135 1448 valida,
1154 1399 1295 1453 scripta
1318 1415 1403 1439 ma-

177 1471 255 1505 nu,
281 1457 393 1496 annis
415 1464 455 1498 δε
474 1455 610 1496 diebus
627 1456 699 1496 suis
713 1456 867 1495 munita
881 1456 1006 1495 avitis
1018 1456 1311 1499 celeberrimis,
1331 1471 1404 1495 nec

180 1511 349 1552 deerunt
370 1513 594 1553 testimonia
615 1513 738 1565 praelis
765 1510 1002 1551 commissa
991 1527 1011 1550 a
1031 1511 1288 1564 quibusdam,
1309 1527 1402 1565 pru-

177 1567 337 1608 dentius
362 1565 479 1622 quam
499 1584 574 1623 ego
597 1569 647 1608 de
668 1567 802 1608 futuro
830 1566 937 1607 furto
965 1567 1316 1621 praesagientibus,
1339 1567 1402 1607 id-

179 1640 259 1680 que
278 1625 411 1665 multis
433 1626 544 1665 annis
577 1637 668 1664 ante
689 1623 838 1664 furtum
858 1624 1016 1679 ipsum.
1044 1623 1129 1673 his,
1154 1623 1250 1663 dum
1271 1623 1402 1664 adhuc

183 1697 302 1732 vivo,
324 1694 434 1732 utar,
456 1697 504 1721 ex
525 1681 743 1721 amicorum
765 1696 944 1720 meorum
958 1679 1122 1731 judicio.

179 1768 182 1771 <
238 1715 378 1778 Re'deo
410 1737 459 1778 ad
484 1735 715 1792 praemissam
736 1737 1051 1792 Propofitionem
1076 1736 1126 1776 de
1149 1736 1402 1792 longitudine

176 1793 403 1835 trochoidis
416 1828 426 1845 ‚
450 1794 500 1834 de
519 1810 596 1848 qua
614 1794 739 1844 nihil,
764 1809 838 1834 nec
858 1793 1037 1849 publico,
1051 1808 1123 1834 nec
1142 1795 1327 1848 privatim
1339 1809 1401 1834 me

183 1850 490 1890 communicasse
512 1852 590 1900 jam
612 1851 769 1890 testatus
790 1851 891 1896 sum3
913 1866 1000 1892 eam
1018 1864 1152 1890 tamen
1178 1851 1311 1890 multis
1332 1866 1403 1890 an-

181 1906 243 1948 nis
277 1908 408 1960 postea
431 1908 586 1948 invenit
613 1909 765 1962 Anglus
793 1907 957 1961 quidam
981 1908 1042 1948 vir
1075 1907 1336 1957 doeiiffimus,
1363 1915 1404 1950 δέ

184 1963 304 2018 praelo
324 1977 390 2016 per
414 1963 450 2003 se
469 1966 532 2005 vel
549 1979 616 2018 per
631 1964 778 2004 amicos
791 1997 802 2015 ,
820 1965 885 2003 suo
910 1965 1074 2004 nomine
1097 1964 1286 2018 vulgavit.
1317 1965 1404 2003 Me-

183 2018 326 2060 thodus
340 2019 475 2060 illius
462 2035 484 2058 a
496 2021 623 2060 nostra
637 2019 752 2074 plane
764 2021 915 2062 diversa
928 2022 1002 2071 est,
1022 2020 1086 2060 sed
1097 2020 1295 2059 conclusio
1312 2035 1334 2059 v
1339 2034 1403 2059 era

185 2084 226 2120 δε
252 2077 420 2131 elegans.
453 2076 528 2117 Ait
550 2076 656 2115 enim
676 2078 902 2131 portionem
924 2091 1201 2134 quamcunque
1223 2076 1403 2117 semitre-

223 2143 311 2179 Rec
312 2109 407 2178 odel
412 2134 529 2175 Acad.
543 2141 647 2175 Tom.
659 2141 720 2174 VI.
1125 2132 1243 2173 Hhh
