1915 2663
471 214 642 254 versario
671 211 888 252 convenire
918 210 1099 252 videatur
1120 233 1129 257 ;
1161 224 1204 252 ut
1226 211 1319 267 pote
1350 213 1419 267 qui
1444 228 1516 268 pro
1541 217 1705 268 amico²>

472 269 623 320 acrior,
646 283 718 323 pro
740 267 964 309 adversario
983 268 1145 315 contra,
1166 269 1294 308 lenior
1313 270 1428 323 quam
1454 285 1521 324 par
1548 271 1592 311 fit
1623 288 1696 326 ap-

471 339 619 379 pareat.
665 324 884 379 Equidem,
912 324 1178 364 Clariffimum
1202 325 1484 366 Torricellium
1513 326 1702 368 adversa*

472 382 577 422 rium
603 382 750 421 habere
773 381 867 425 absit
893 394 938 420 ut
968 396 1143 435 unquam
1176 382 1396 435 optaverim
1417 403 1426 427 ς
1454 383 1707 424 εἶιάνεῑίῖἰῑίυςἸ

473 438 564 477 sane
591 439 650 478 illi
675 453 751 493 ego
769 452 837 478 ero
864 453 1069 492 nunquam
1082 470 1092 488 ,
1115 437 1186 477 nifi
1201 437 1281 491 ipse
1299 438 1405 491 prior
1422 441 1542 479 talem
1558 456 1621 479 me
1635 440 1696 479 ef-

474 494 627 536 fecerit.
660 494 788 551 Qiod
807 507 939 534 autem
959 494 1132 533 amicum
1155 502 1195 535 δε
1219 494 1411 548 cupierim
1427 503 1466 536 ὃς
1480 496 1609 536 adhuc
1626 512 1697 536 cu-

471 552 579 606 piam
594 585 605 603 ,
629 565 908 606 argumentum
928 550 1181 591 certissimum
1202 550 1278 600 est,
1297 550 1406 604 quod
1419 551 1525 605 prior
1537 568 1697 593 amave*

473 609 551 648 rim
564 641 575 659 ,
596 624 641 649 ac
662 624 812 648 nomen
825 608 904 659 ejus
924 608 1076 647 celebre
1088 622 1155 662 per
1176 607 1347 647 Galliam
1363 640 1373 656 ,
1387 606 1504 661 quam
1526 608 1709 649 maxime*

471 665 614 719 potui,
640 664 896 705 reddiderim.
932 664 1088 705 Siccine
1109 678 1204 717 ergo
1229 664 1411 718 (urgebit
1432 664 1592 714 censor)
1609 680 1709 707 cum·

474 722 612 761 amicis
634 722 710 778 tuis
733 735 772 761 te
793 736 930 776 gerere
953 721 1086 760 solitus
1110 732 1173 761 es?
1207 719 1385 760 Primum
1402 720 1587 774 quidem,
1601 737 1701 776 apo..

474 778 625 832 logiam
646 792 787 818 contra
807 778 989 818 acerbam
1007 777 1120 831 ipsius
1137 777 1430 816 accusationem
1441 777 1543 817 mihi
1555 777 1673 818 debui
1688 799 1708 825 ;>

475 834 623 875 deinde
651 835 775 874 metui
797 841 809 884 (
829 833 958 874 fateor
980 839 992 883 )
1015 849 1064 873 ne
1085 833 1165 887 ipse
1187 848 1307 887 quem
1328 833 1573 888 summopere
1599 835 1704 874 ami-

477 906 570 931 curn
590 891 691 930 mihi
710 891 829 945 cupio
844 923 855 937 ‚
872 891 1002 929 exillis
1017 888 1110 929 effet
1123 891 1191 943 qui
1212 890 1340 929 aliena
1354 890 1477 929 veluti
1498 891 1710 945 pei-spicil-¹

477 948 524 987 lis
539 948 645 988 cavis
658 947 892 1002 respiciunt3
908 946 971 985 sua
983 979 993 996 ,
1004 946 1192 986 convexis
1206 959 1272 985 aut
1286 946 1333 985 iis
1345 944 1476 985 forsan
1490 962 1574 1000 quae
1587 948 1704 1001 pluri-

478 1005 551 1045 mis
573 1003 748 1044 faciebus
769 1003 1036 1057 distinguntur
1051 1036 1061 1052 ,
1074 1002 1179 1042 unde
1203 1001 1247 1041 fit
1266 1015 1309 1041 ut
1323 1001 1446 1043 iidem
1458 1003 1588 1042 aliena
1603 1019 1706 1044 con-

478 1062 665 1101 tractiora
677 1093 688 1108 ,
710 1061 774 1100 sua
797 1061 894 1100 vero
909 1059 1101 1114 ampliora
1118 1072 1185 1099 aut
1198 1059 1466 1099 numerosiora
1479 1093 1492 1109 ,
1504 1073 1570 1098 aut
1583 1060 1715 1101 etiam«

477 1118 653 1171 pulchris
673 1117 874 1157 coloribus
898 1116 1102 1156 ornatiora
1120 1114 1237 1170 quam
1259 1115 1331 1155 fint
1347 1117 1483 1155 revera
1496 1115 1631 1155 videre
1647 1117 1706 1157 vi-

478 1173 657 1214 deantur.
689 1177 830 1229 Itaque
851 1173 1067 1213 admonere
1090 1188 1181 1212 eum
1196 1172 1308 1212 volui
1329 1170 1505 1211 officiose
1519 1205 1529 1222 ‚
1543 1186 1586 1211 ut
1599 1188 1706 1213 amo.

477 1246 563 1270 rem
581 1232 785 1286 proprium
799 1231 929 1270 alieno
940 1242 1191 1284 temperaret.
1224 1231 1285 1268 Ac
1296 1262 1306 1279 ,
1324 1244 1374 1268 ne
1387 1228 1436 1268 ad
1449 1228 1706 1271 excitandum

479 1287 723 1327 duriusculus
745 1288 1126 1341 haberetur,stylum
1145 1285 1310 1325 adhibui
1331 1298 1532 1339 utcunque
1544 1299 1705 1327 acutum

481 1351 520 1386 &
542 1344 769 1384 mordacem
792 1364 801 1385 ι
823 1345 872 1384 fic
895 1345 1003 1384 enim
1029 1342 1115 1382 fore
1137 1342 1287 1396 speravi
1308 1355 1351 1380 ut
1366 1342 1513 1395 sapiens
1528 1341 1618 1381 cum
1634 1342 1701 1392 fit,

480 1399 517 1438 se
538 1401 586 1439 ab
606 1413 764 1440 amante
785 1401 909 1454 pungi
929 1399 1090 1438 sentiret
1104 1432 1114 1448 ‚
1134 1411 1252 1452 atque
1275 1397 1331 1437 ita
1354 1397 1403 1436 ad
1418 1397 1704 1438 redamandum

480 1455 606 1496 acrius
633 1457 878 1496 incitaretur.
916 1458 1160 1509 Qanquam
1179 1467 1310 1493 autem
1329 1466 1388 1492 tot
1404 1454 1565 1507 paginas
1583 1455 1708 1494 mini-

482 1511 545 1551 me
567 1513 725 1552 inutiles
747 1512 834 1551 fore
859 1512 969 1565 spero
984 1544 994 1561 ,
1015 1511 1133 1550 doleo
1160 1523 1293 1549 tamen
1315 1509 1424 1563 quod
1451 1510 1536 1549 illas
1555 1511 1596 1549 in
1623 1523 1711 1551 tra-2

483 1569 625 1608 &ando
643 1568 834 1620 ejusmodi
856 1568 1015 1622 ingrato
1029 1582 1073 1607 ac
1087 1566 1201 1622 plane
1215 1565 1376 1606 taedioso
1390 1580 1624 1621 argumento
1642 1568 1706 1607 in-

482 1625 633 1665 sumere
655 1624 902 1680 oportuerit;
926 1623 1018 1664 curn
1044 1625 1120 1664 alia
1144 1622 1227 1663 fere
1249 1624 1457 1663 innumera
1478 1622 1597 1678 longe
1617 1624 1706 1664 sua-

482 1682 595 1722 viora
609 1716 620 1733 ,
643 1697 687 1722 ac
707 1682 802 1726 viris
826 1680 951 1721 doclis
965 1714 975 1731 ‚
994 1694 1037 1720 ut
1054 1694 1149 1736 puto
1164 1714 1173 1731 ‚
1193 1680 1440 1734 acceptiora,
1460 1680 1551 1720 cum
1571 1695 1617 1720 ex
1638 1696 1715 1721 no-

442 1787 445 1788 ⁷
483 1738 540 1778 bis
559 1772 571 1790 ,
593 1738 677 1778 tum
703 1753 750 1778 ex
771 1738 911 1778 nostris
935 1738 1170 1782 habeamus3
1198 1738 1330 1791 qualia
1342 1736 1429 1776 sunt
1446 1752 1530 1791 quae
1544 1739 1713 1790 sequun«

483 1809 559 1836 tur.
606 1796 726 1835 Circa
746 1795 932 1849 analyfim
953 1794 1116 1849 quidem
1131 1828 1141 1845 ,
1163 1794 1212 1834 de
1235 1793 1502 1847 aequationum
1527 1794 1710 1846 recogni-

484 1853 595 1893 tione
608 1886 618 1902 ,
644 1860 684 1894 &
711 1852 991 1892 emendatione
1004 1883 1014 1898 ‚
1035 1853 1141 1892 nova
1166 1851 1319 1905 prorsus
1340 1848 1532 1889 methodo
1551 1883 1561 1900 ,
1575 1849 1624 1888 de
1641 1864 1719 1889 ea*-

484 1909 667 1949 rumdem
695 1908 1028 1949 determinatione
1055 1923 1100 1948 ac
1126 1907 1175 1947 de
1197 1907 1368 1961 ipsarum
1391 1920 1459 1961 per
1484 1908 1593 1946 locos
1612 1921 1711 1961 pro-

484 1966 589 2020 prios
617 1967 880 2016 resolutione,
902 1979 1020 2019 atque
1044 1963 1342 2019 compositione.
1382 1963 1503 2003 Circa
1529 1965 1706 2003 Geome-

486 2024 626 2075 triam,
651 2023 700 2062 de
720 2023 818 2063 loeis
844 2022 990 2077 planiS‚
1018 2020 1174 2072 solidis,
1200 2033 1317 2075 atque
1342 2019 1391 2059 ad
1424 2019 1665 2074 superficiem
1689 2039 1700 2064 ;

487 2079 554 2119 ubi
574 2080 618 2121 in
639 2081 765 2136 specie
779 2113 791 2134 ‚
820 2079 996 2120 restituta
1021 2078 1208 2119 habemus
1233 2078 1322 2117 loca
1347 2075 1470 2117 solida
1494 2075 1543 2116 ad
1567 2088 1642 2117 tres
1664 2083 1707 2119 δε
