1915 2663
519 158 602 199 DE
652 155 1041 196 Taocno1nt,'
1323 167 1404 209 391·

169 223 232 276 jor
252 222 411 278 aequalis
426 221 469 261 fit
481 220 675 276 quadrato
689 218 972 259 semidiametri
986 232 1104 262 rota’3
1125 219 1248 258 altera
1269 233 1403 261 autem

168 280 305 336 portio
317 314 328 331 ,
348 279 567 333 eademque
589 277 721 317 minor
735 276 892 330 aequalis
907 276 950 316 sit
962 277 1193 330 reelangulo
1207 291 1402 318 contento

168 337 238 377 sub
250 337 542 377 semidiametro
553 348 649 375 rotae
663 342 703 377 &t
716 333 945 374 differentia
956 348 1041 389 quae
1051 333 1104 372 est
1117 333 1221 373 inter
1233 334 1403 377 eandem

162 394 500 435 semidiametrum
508 400 548 435 Sc
558 392 818 448 quadrantem
828 390 1280 445 circumferentiaeipfius
1292 405 1401 435 rotae.

225 453 288 493 ΙΙ.
321 450 448 506 Quod
473 451 496 491 Ξι
516 452 655 505 quarta
681 463 792 505 parte
812 449 926 489 sociae
947 447 1170 489 trochoidis
1194 455 1235 489 δε
1257 450 1278 490 ὲ
1298 451 1403 490 ret-⁶13.

166 523 255 564 quae
273 522 423 563 quarta:
445 508 560 563 ipsius
582 521 759 548 extrema
781 506 993 560 conjungit
1014 504 1210 546 clauditur
1234 506 1403 562 spatium

165 565 362 607 bilineum
375 599 385 618 ‚
406 567 555 620 aequale
575 566 629 605 est
640 562 876 604 differentiae
896 563 1000 603 inter
1020 561 1285 619 quadrantem
1305 578 1403 605 rotat

167 630 210 667 &
231 622 472 678 quadratum
495 620 779 663 semidiametri
805 619 990 672 ejusdem.

223 682 241 720 I
257 683 274 721 I
289 683 320 721 Ι.
354 680 555 735 Proposita
576 677 788 719 trochoide
810 678 969 733 ejusque
989 676 1095 717 socia
1107 710 1118 728 ,
1131 689 1251 732 atque
1262 676 1402 716 utrius-

166 750 245 790 que
265 739 386 792 plano
408 739 515 778 circa
536 750 792 777 communem
814 735 934 775 basim
953 736 1270 784 circumvoluto,
1284 733 1328 772 fit
1343 734 1400 773 so-

163 793 293 834 lidum
313 795 537 834 trochoidis
557 794 665 834 circa
695 792 813 833 bafim
833 826 844 844 ,
875 792 985 848 quod
1011 790 1176 847 quidem
1198 791 1250 831 ad
1270 792 1404 846 cylin=·

163 849 282 890 drum
301 852 367 891 cui
386 851 614 890 inscribitur
636 851 711 890 hac
731 850 888 890 ratione
908 849 1220 904 comparabitur.

217 907 358 947 Portio
380 907 497 948 solidi
511 907 800 962 comprehensa
818 907 922 946 inter
933 906 1029 946 duas
1047 906 1269 960 superficies
1283 937 1294 955 ,
1306 919 1412 959 quaa*

162 976 253 1005 rum
274 966 396 1004 altera
418 964 438 1004 ὲ
463 964 677 1005 trochoide
691 998 703 1015 7
720 966 843 1004 altera
860 964 908 1004 ab
924 966 1004 1015 ejus
1019 962 1125 1002 socia
1138 962 1372 1003 describitur
1386 993 1413 1013 >-

164 1022 324 1076 aequalis
359 1022 413 1060 est
439 1021 623 1076 cylindro
654 1021 762 1070 cujus
794 1021 889 1061 basis
915 1020 960 1060 fit
988 1034 1075 1061 rota
1096 1020 1202 1075 ipsa,
1226 1019 1411 1060 altitudo-

163 1090 298 1118 autem
335 1080 495 1133 aequalis
528 1076 863 1119 circumferentiae
897 1077 1011 1132 ipfius
1044 1090 1140 1117 rotae
1165 1098 1174 1123 3
1207 1077 1402 1132 quoniam

160 1133 271 1174 idem
297 1137 448 1188 aequale
469 1136 524 1174 est
545 1136 694 1174 annulo
715 1135 847 1174 strifflw
872 1134 1044 1185 ejusdem
1060 1147 1179 1179 rotae3
1198 1149 1243 1173 ac
1261 1136 1402 1189 proin-

161 1188 212 1231 de
222 1192 358 1247 portio
371 1191 454 1242 illa,
466 1192 588 1231 totius
599 1190 772 1246 cylindri
783 1190 1073 1246 circumscripti
1086 1204 1226 1246 quarta
1236 1207 1323 1246 pars
1335 1193 1402 1233 est.²

219 1249 359 1288 Portio
389 1248 507 1288 solidi
535 1263 622 1303 quae
645 1249 763 1288 unica
785 1248 991 1303 superficie
1017 1248 1249 1288 continetur
1270 1282 1279 1295 ‚
1302 1249 1403 1289 scili-2

160 1319 226 1346 cet
247 1307 292 1346 ea
305 1321 390 1361 quae
406 1305 435 1346 ἔι-
447 1306 551 1345 socia
563 1304 788 1345 trochoidis
801 1306 1035 1346 describitur
1048 1339 1059 1356 ,
1072 1305 1287 1346 commod&
1301 1321 1402 1347 con-

160 1362 260 1403 ferri
280 1363 406 1418 potest
427 1378 519 1403 cum
540 1362 725 1418 cylindro
745 1363 852 1413 cujus
874 1363 955 1403 axis
978 1362 1023 1401 fit
1034 1362 1143 1402 idem
1155 1377 1247 1402 curn
1260 1378 1332 1403 axe
1346 1364 1419 1404 soff

160 1420 235 1461 lidi
257 1420 504 1465 trochoidis;
530 1419 822 1460 semidiameter
843 1421 941 1461 verb
963 1419 1058 1459 bafis
1082 1419 1126 1458 fit
1149 1419 1402 1461 semidiame=

163 1489 223 1517 ter
243 1490 339 1517 rotae
364 1496 372 1518 ε
396 1477 615 1532 reperietur
641 1490 774 1517 autem
799 1478 888 1516 talis
910 1477 1042 1531 portio
1073 1477 1212 1530 aquari
1233 1478 1305 1517 tali
1331 1493 1400 1533 cy-¹

163 1533 318 1585 lindro,
343 1549 388 1574 ac
418 1535 606 1590 praeterea
637 1534 861 1589 quadruplo
885 1534 946 1573 illi
978 1532 1106 1572 solido
1136 1533 1246 1587 quod
1277 1533 1322 1573 fit
1351 1550 1400 1575 ex

163 1592 424 1631 conversione
445 1593 603 1643 majoris
634 1592 740 1631 illius
766 1591 940 1641 trilinei‚
966 1589 1074 1644 quod
1096 1590 1226 1645 primo
1253 1605 1402 1632 notan-

164 1647 219 1688 do
249 1647 421 1688 diximus
450 1650 596 1703 aequari
622 1648 808 1702 quadrati
829 1647 1114 1688 semidiametri
1134 1661 1252 1698 rocae,
1275 1648 1301 1687 fi
1323 1649 1414 1688 sci=-

162 1705 260 1745 licet
281 1708 359 1745 tale
382 1706 587 1746 trilineum
609 1710 717 1745 circa
747 1706 823 1745 iter
851 1706 979 1746 centri
1002 1719 1097 1745 rotae
1125 1718 1395 1747 convertatur,

165 1765 232 1802 At>
254 1763 416 1803 ultimus
440 1763 507 1803 hic
535 1762 734 1817 cylindrus
763 1762 884 1803 totius
915 1762 1088 1819 cylindri
1108 1761 1400 1818 circumscripti

164 1833 306 1873 quarta
329 1835 416 1875 pars
437 1822 514 1865 est;
543 1820 714 1860 solidum
734 1835 867 1861 autem
884 1836 931 1861 ex
945 1820 1204 1861 conversione
1220 1821 1397 1873 trilinei„

165 1876 338 1928 ejusdem
358 1878 479 1918 totius
499 1878 699 1933 trigesima
721 1878 891 1918 secunda
912 1893 998 1933 pars
1018 1878 1171 1923 evadit5
1199 1878 1292 1933 quia
1311 1893 1415 1918 0m-2‘

164 1934 233 1973 nia
260 1934 453 1988 quadrata
471 1935 586 1990 ipsius
609 1935 761 1975 trilinei
790 1937 955 1991 aeqtialia
978 1936 1065 1976 sunt
1096 1936 1278 1976 omnibus
1300 1951 1401 1990 qua==

166 1990 289 2031 dratis
309 1991 489 2031 omnium
509 1992 660 2033 sinuum
681 1994 880 2034 merorum
901 1993 1132 2049 quadrantis
1153 2006 1249 2034 rotae
1261 1993 1397 2032 secun-

165 2047 264 2088 dum
289 2050 453 2103 aequales
481 2064 591 2089 arcus
622 2053 865 2105 sumptorum
883 2085 894 2102 3
930 2067 1015 2106 quae
1041 2051 1177 2091 omnia
1210 2050 1400 2105 quadrata

167 2104 355 2160 quadrati
366 2105 778 2149 semidiametritoties
797 2109 941 2164 sumpt'i
950 2108 1118 2150 dimidia
1131 2109 1218 2149 sunt
1232 2128 1242 2153 ¹,
1260 2115 1299 2150 ὃς
1321 2107 1401 2147 hoc
