1915 2663
804 168 853 205 45
866 166 881 193 1

228 219 371 273 quavis
390 219 511 274 figura
526 253 536 270 ‚
552 230 619 258 aut
633 218 736 258 linea
748 219 1048 273 comparatione
1066 219 1164 259 fasta
1180 253 1189 269 ‚
1212 220 1277 260 vix
1297 219 1453 276 speran-

228 275 326 316 dum
339 290 433 330 puto
450 291 555 330 :quae
569 289 701 315 tamen
713 275 738 314 fi
751 276 960 316 haberetur
973 310 983 326 ,
1000 284 1037 318 δε
1049 277 1189 316 circuli
1201 285 1240 318 Sc
1256 278 1452 332 hyperbo-

231 334 291 383 lae,
305 334 548 386 aliarumque
559 347 723 372 numero
735 332 979 373 infinitarum
994 333 1208 388 figurarum
1218 335 1454 388 quadratum

232 388 342 429 fimul
363 390 596 438 haberetur)
624 389 811 444 fiquidem
836 390 898 429 illa
921 391 959 430 in
984 390 1115 444 figuris
1131 424 1140 440 ,
1160 391 1227 430 vix
1248 391 1327 431 sola
1350 393 1455 446 plani

230 459 322 485 cum
341 449 458 499 plano
485 460 551 485 aut
575 446 779 486 solasolidi
801 462 890 486 cum
904 446 1030 487 solido
1043 449 1343 501 comparatione
1363 464 1457 489 con-

230 512 364 553 tenta,
387 517 594 558 utramque
616 504 724 543 snnul
747 511 789 545 <Sc
808 504 916 558 plani
937 511 976 545 δε
994 504 1109 544 solidi
1122 518 1189 543 aut
1203 505 1323 545 etiam
1337 507 1456 545 altio-

229 558 282 597 ris
305 559 448 613 speciei
467 560 807 614 comparationem
830 560 997 614 persaepe
1009 561 1186 614 requirit.
1223 562 1456 612 In1n1o‚illa

229 616 422 656 methodo
437 650 447 667 ‚
472 617 687 657 solidorum
708 631 844 656 centra
869 617 933 656 vix
955 616 1101 657 direxit&
1119 651 1129 668 ‚
1146 617 1209 656 sed
1227 620 1456 672 plerumque

229 670 422 713 indircfiffi
446 672 622 723 tantum,
642 672 734 727 puta
753 673 955 712 mediante
973 674 1106 727 aliquo
1134 676 1250 728 plano
1276 690 1455 729 congruo

229 727 481 783 deteguntur.
516 730 591 770 Sed
611 743 683 769 nec
702 729 772 769 illa
798 729 995 769 linearum
1013 731 1158 769 centris
1182 731 1366 782 inservit,
1387 731 1458 770 uisi

229 783 319 838 ipsae
341 786 478 838 lineae,
501 801 714 840 earumque
746 787 1004 841 proprietates
1032 786 1212 840 quasdam
1240 802 1287 826 ex
1318 789 1457 841 prasci-

225 841 312 894 puis
325 857 369 881 ac
383 842 571 896 specificis
585 843 803 883 examinari
818 842 1060 897 geometrice
1075 842 1216 897 possint
1238 862 1245 883 :
1269 859 1355 901 quac
1367 859 1457 884 om-

230 897 298 936 nia
320 912 368 938 ex
395 898 554 950 adjec‘ris
578 900 766 954 exemplis
788 901 873 954 post
894 901 1018 954 ipsam
1040 899 1278 939 methodum
1300 900 1455 940 seorfim

227 952 365 994 videre
385 956 492 995 licet.
528 959 593 995 De
615 956 808 996 methodo
827 957 999 997 Domini
1015 965 1071 996 De
1092 965 1246 995 Fermat
1262 990 1271 1007 ‚
1286 957 1355 996 nis1
1370 972 1456 997 eam

228 1009 360 1051 adhuc
382 1011 528 1052 videris
543 1046 553 1063 ,
575 1014 655 1052 hoc
678 1013 794 1063 scies,
815 1013 938 1067 ipsam
957 1013 1170 1067 trianguli,
1184 1026 1302 1067 atque
1321 1015 1457 1068 plano-

226 1081 315 1107 rum
338 1069 658 1123 parabolicorum
687 1069 867 1109 omnium
893 1077 932 1112 &
965 1069 1180 1110 solidorum
1203 1070 1250 1109 ab
1271 1070 1318 1109 iis
1343 1084 1456 1110 orto-

227 1137 315 1164 rum
332 1138 468 1165 centra
484 1125 504 1165 a
521 1126 645 1180 priori
658 1125 939 1181 elegantissime
953 1125 1170 1166 ostendere.
1202 1126 1355 1166 Verum
1367 1142 1455 1167 ean-

224 1179 320 1222 dem
344 1182 510 1222 aliarum
540 1182 756 1237 figurarum
778 1183 923 1222 centris
953 1182 1282 1233 accommodare,
1309 1184 1374 1223 hic
1398 1185 1456 1223 la-

228 1237 301 1277 bor
323 1257 332 1282 ;
357 1254 448 1279 cum
473 1254 523 1278 ne
544 1239 708 1293 quidem
732 1239 753 1279 Ξι
776 1240 1012 1294 posteriori,
1038 1240 1199 1294 reliquis
1220 1239 1355 1294 figuris
1378 1241 1456 1280 hue

225 1295 350 1348 usque
376 1295 621 1341 inservierit3
648 1311 876 1351 quanquam
899 1295 1029 1336 forsan
1043 1330 1054 1347 ‚
1073 1295 1285 1351 quominus
1307 1296 1349 1336 id
1371 1296 1456 1337 fieri

225 1351 340 1405 poffit
362 1385 373 1402 ‚
401 1352 503 1391 nihil
528 1366 734 1407 repugnet.
786 1355 805 1397 J
811 1368 873 1392 am
894 1352 1005 1406 quod
1025 1352 1075 1392 ad
1107 1365 1259 1407 tempus
1284 1354 1428 1394 attinet
1444 1387 1455 1405 ‚

226 1408 440 1448 meministi
462 1409 607 1464 opinor
621 1442 632 1461 ‚
663 1409 737 1449 Vir
762 1409 1006 1459 Clariffime,
1034 1410 1270 1450 methodum
1288 1411 1456 1450 vestram

225 1478 312 1504 non
325 1478 416 1504 ante
428 1479 577 1505 annum
595 1481 610 1506 1
621 1475 711 1518 644.
731 1466 895 1505 Parisios
906 1464 1059 1505 missam
1076 1464 1191 1505 fuiffe
1203 1499 1213 1516 ,
1227 1480 1346 1520 atque
1361 1482 1456 1506 ean-

223 1518 318 1560 dem
340 1534 436 1561 tunc
464 1521 680 1563 admodum
701 1536 836 1561 recens
856 1522 1063 1562 inventam
1085 1540 1093 1561 :
1114 1522 1325 1575 fiquidem,
1348 1536 1392 1562 ut
1408 1538 1456 1563 ex

228 1577 362 1617 vestris
387 1578 511 1619 literis
542 1592 670 1633 patet,
698 1579 810 1618 vobis
833 1579 878 1618 ea
910 1577 1074 1629 adjutis,
1096 1578 1212 1618 solidi
1233 1579 1456 1620 trochoidis

223 1634 336 1673 circa
353 1634 472 1675 bafim
492 1635 671 1675 mensura
692 1635 811 1689 paulo
830 1648 922 1674 ante
942 1633 1102 1674 demum
1120 1647 1456 1690 patuerat‚quam

228 1690 296 1729 sub
317 1690 437 1731 finem
452 1693 547 1732 anni
568 1701 685 1744 1643.
704 1690 883 1731 nondum
899 1691 1103 1734 habebatis
1119 1706 1127 1728 ε
1146 1691 1229 1731 haec
1247 1692 1354 1732 enim
1369 1692 1457 1732 sunt

226 1748 354 1787 vestra
373 1749 493 1789 verba
515 1749 700 1804 in'prima
720 1749 934 1788 vestrarum
950 1747 1000 1788 ad
1020 1762 1084 1788 me
1101 1749 1261 1802 epistola
1276 1781 1287 1796 ,
1305 1750 1458 1806 Qcoad

219 1806 375 1857 solida,
396 1806 504 1845 nihil
523 1807 651 1846 habeo.
696 1807 782 1859 Ego
811 1805 907 1844 vero
932 1807 1018 1845 mea
1039 1804 1232 1845 methodo
1258 1805 1343 1845 usus
1374 1805 1457 1846 sum

229 1860 309 1910 jam
330 1862 379 1900 ab
399 1877 504 1902 anno
531 1871 633 1915 1637
648 1896 659 1913 ‚
683 1875 801 1915 atque
823 1862 925 1901 illius
947 1876 1042 1916 ope,
1057 1870 1097 1904 &
1118 1863 1326 1916 planorum
1346 1877 1456 1913 para-

226 1916 452 1959 bolicorum
473 1920 654 1960 omnium
677 1926 717 1961 δε
738 1918 954 1958 solidorum
974 1932 1110 1958 centra
1134 1920 1210 1968 jam
1238 1931 1323 1957 tum
1349 1918 1455 1958 inve-

231 1988 390 2018 neram;
415 1990 584 2029 quorum
608 1990 838 2017 centrorum
856 1991 940 2030 qux
963 1975 1012 2015 ad
1037 1974 1224 2014 dimidios
1252 1973 1354 2014 fusos
1385 1990 1454 2029 pa-

230 2031 430 2072 rabolicos
454 2033 675 2087 pertinent,
701 2034 906 2072 enuntiavi
934 2034 978 2072 ea
1001 2033 1162 2086 epistola
1186 2047 1303 2085 quam
1330 2030 1379 2070 ad
1404 2034 1452 2072 R.

232 2087 277 2128 P„
301 2089 559 2131 Mersennum
591 2089 641 2130 de
665 2090 798 2130 vestris
827 2089 999 2131 inventis
1031 2088 1160 2143 scripsi
1189 2103 1294 2128 anno
1327 2098 1452 2141 1643,

1135 2146 1212 2186 Ln
1237 2144 1263 2196 ij
