1915 2663
535 161 611 199 Dr.
661 159 1024 200 Tnocnomz:
1318 171 1367 213 36

176 217 185 249 ‘-
230 220 494 275 Supponimus
520 233 651 259 autem
670 218 850 272 quaedam
872 234 956 273 quae
978 218 1044 258 Ctfi
1074 233 1141 272 per
1167 220 1204 258 se
1232 219 1380 264 demon

175 277 404 317 strationem
426 276 631 329 requirant
645 307 656 324 ‚
683 288 818 314 tamen
841 288 988 315 eatam
1012 274 1141 314 facilis
1163 277 1240 329 est,
1255 291 1297 317 ut
1316 280 1397 320 cui-

172 334 231 372 vis
252 334 295 373 in
320 332 551 372 Geometriir
575 331 832 371 mediocriter
850 332 1004 372 versato
1033 331 1162 372 statim
1187 348 1395 388 appareat,

172 389 304 442 qualia
324 388 410 435 sunt
431 388 526 428 haec.
582 390 628 427 In
648 388 777 442 primo
801 387 1021 441 quadrante
1043 388 1206 442 integra:
1232 405 1396 432 conver-

170 445 285 484 sionis
307 457 401 483 rotae
417 446 604 498 punctum
629 444 738 498 quod
751 444 1005 484 trochoidem
1019 444 1204 485 describit
1217 479 1227 496 ,
1242 463 1395 501 percura

168 501 222 539 rit
241 500 407 554 spatium
429 499 538 554 quod
563 501 615 540 est
638 501 741 540 inter
768 500 886 540 basnn
907 500 1130 540 trochoidis
1151 503 1284 543 &iter
1300 520 1395 545 cen-

168 556 245 600 tri;
268 556 453 611 idemque
484 559 670 611 pun&urn
693 569 805 596 motu
836 559 943 596 recl-o
964 557 1152 612 posterius
1181 558 1234 597 est
1255 574 1394 601 centro

167 615 275 653 rotae.
325 615 372 653 In
399 613 570 653 secundo
599 613 818 667 quadrante
845 612 954 652 idem
980 615 1168 668 punustum
1201 618 1396 669 percurrit

168 669 337 723 spatium
356 669 465 724 quod
480 670 533 710 est
545 671 592 710 ab
613 670 756 709 itinere
776 669 905 709 centri
921 670 1041 724 usque
1053 669 1101 710 ad
1113 672 1303 713 verticem
1317 687 1395 714 tro-

167 726 324 766 choidis
343 760 353 777 ,
376 727 508 780 estque
530 725 659 766 adhuc
682 725 868 779 posterius
887 740 1026 766 centro
1053 739 1160 767 rotae.
1203 731 1250 768 In
1274 732 1393 771 tertio

166 782 386 837 quadrante
416 784 602 837 punstum
624 781 732 823 idem
750 783 944 836 percurrit
969 783 1136 837 spatium
1164 785 1272 837 quod
1295 788 1348 826 est
1373 787 1394 827 a

165 840 316 879 vertice
347 838 568 879 trochoidis
598 839 719 893 usque
742 838 792 878 ad
811 839 886 878 iter
921 839 1049 879 centri
1072 872 1082 888 ‚
1109 839 1172 879 sed
1199 841 1278 890 jam
1313 844 1392 883 hoc

163 898 352 950 punctum
373 895 560 950 praecedit
580 897 752 949 respectu
770 895 920 945 centri,
934 896 1041 949 quod
1058 896 1232 950 sequitur
1257 899 1281 937 fi
1301 915 1391 939 mo-

164 964 224 991 tus
249 953 344 992 recti
365 953 556 992 habeatur
574 953 687 992 ratio.
726 954 771 991 In
791 963 934 1005 quarto
948 959 988 993 δε
1007 951 1148 992 ultimo
1170 953 1390 1007 quadrante

164 1010 354 1062 punitum
383 1008 432 1048 de
453 1023 532 1062 quo
561 1009 712 1063 agimus
737 1008 930 1061 percurrit
952 1008 1119 1062 spatium
1138 1010 1246 1063 quod
1265 1013 1318 1052 est
1341 1014 1389 1054 ab

164 1064 310 1104 itinere
328 1065 456 1104 centri
477 1064 597 1118 usque
613 1064 662 1104 ad
679 1064 798 1103 basim
819 1064 1040 1105 trochoidis
1054 1096 1064 1111 ,
1078 1073 1118 1107 δε
1132 1065 1264 1107 adhuc
1281 1068 1389 1111 idem

164 1123 354 1175 punilum
375 1120 585 1176 praecedit‚
607 1134 790 1161 centrum
812 1134 1057 1162 autemrotae
1080 1122 1254 1176 sequitur
1275 1140 1389 1167 motu

163 1179 286 1220 reno.

210 1236 324 1276 Hinc
336 1235 432 1276 vero
445 1248 563 1290 atque
579 1250 625 1276 ex
639 1236 871 1290 quibusdam
889 1236 974 1276 aliis
989 1250 1074 1290 quae
1092 1251 1274 1279 naturam
1291 1253 1386 1280 rotae

161 1304 294 1343 motae,
305 1305 348 1332 ut
357 1292 506 1332 dictum
517 1293 583 1343 est,
597 1293 725 1332 statim
735 1293 1042 1347 consequuntur,
1053 1292 1386 1336 demonstrabitur

161 1345 281 1388 facile
300 1348 554 1388 trochoidem
564 1364 649 1403 quae
662 1349 705 1388 fit
718 1349 765 1389 ab
780 1350 897 1389 unica
908 1350 1163 1390 conversione
1177 1352 1385 1403 cujuscum-

161 1418 239 1457 que
249 1417 344 1445 rotae
357 1405 399 1445 in
410 1405 572 1460 seipsam
583 1421 667 1445 non
678 1420 880 1447 recurrere
894 1439 905 1457 ‚
919 1406 984 1446 seu
996 1421 1061 1460 pet
1074 1406 1181 1448 idem
1194 1410 1383 1462 punctum

162 1459 220 1500 bis
241 1462 401 1501 transire
424 1477 507 1502 non
528 1460 635 1517 posse
661 1481 669 1502 :
693 1463 940 1503 contrarium
966 1475 1098 1503 autem
1120 1464 1319 1505 accideret
1340 1467 1383 1507 in

162 1518 250 1556 rota
272 1519 446 1571 prolata,
471 1518 497 1557 fi
522 1518 629 1558 aliud
647 1518 667 1558 a
688 1519 818 1558 nostra
838 1519 1055 1560 sumeretur
1072 1520 1325 1575 principium.

216 1574 307 1613 Nec
329 1574 457 1615 minus
475 1573 592 1615 facile
604 1575 658 1615 est
672 1574 938 1616 demonstrare
951 1589 1039 1616 eam
1051 1577 1272 1618 trochoidis
1290 1594 1397 1632 par--

162 1641 246 1670 tem
267 1662 279 1680 ,
308 1645 394 1684 quae
415 1630 469 1670 est
497 1630 519 1670 Ξι
538 1631 736 1685 principio
761 1631 883 1686 usque
904 1631 954 1672 ad
974 1632 1165 1672 verticem
1191 1637 1382 1688 aequalem

160 1684 239 1726 effe
262 1694 303 1729 &
323 1687 485 1727 fimilem
504 1687 620 1727 alteri
648 1688 751 1742 parti
773 1702 859 1741 quae
887 1689 941 1728 est
970 1687 991 1726 ἒι
1014 1689 1163 1729 vertice
1187 1691 1307 1745 usque
1331 1691 1382 1732 ad

158 1741 283 1784 finem
301 1777 313 1795 ,
338 1751 379 1786 δε
399 1744 531 1784 ambas
558 1756 685 1798 partes
716 1743 784 1783 fibi
815 1744 990 1785 invicem
1008 1759 1228 1800 congruere
1260 1747 1381 1802 posse,

161 1799 264 1840 Item
274 1833 286 1851 ‚
300 1801 468 1855 primam
482 1800 736 1840 medietatem
751 1800 922 1852 ejusdem
933 1801 1155 1842 trochoidis
1168 1816 1294 1844 totam
1307 1803 1382 1845 esse

160 1855 212 1895 ab
232 1858 311 1897 una
330 1870 440 1911 parte
461 1858 566 1908 axis,
589 1856 800 1897 secundam
818 1858 915 1898 vero
936 1870 1062 1899 totam
1081 1857 1156 1899 effe
1175 1860 1223 1899 ab
1245 1863 1379 1903 altera.

161 1912 276 1953 Idem
299 1912 448 1954 dietum
465 1913 712 1968 intelligatur
729 1912 778 1953 de
796 1912 943 1955 duabus
956 1915 1129 1970 partibus
1143 1916 1256 1971 spatii
1267 1918 1381 1972 ipfius

161 1969 385 2008 trochoidis
417 1985 503 2024 quae
532 1971 580 2010 ab
605 1969 777 2022 ejusdem
803 1986 876 2011 axe
898 1973 1203 2014 constituuntur.
1246 1977 1382 2029 Atque

159 2025 220 2065 ita
241 2041 326 2080 quae
343 2026 386 2065 in
404 2027 481 2066 una
498 2041 546 2065 ex
563 2027 624 2066 his
644 2027 920 2069 medietatibus
933 2028 1303 2071 demonstrabuntur
1316 2063 1327 2080 ,
1339 2031 1383 2071 in

162 2083 287 2134 altera
308 2098 468 2139 quoque
490 2082 703 2126 medietate
733 2084 999 2129 demonstrata
1018 2085 1094 2128 effe
1116 2086 1245 2140 quivis
1263 2085 1382 2129 facil&

1089 2143 1124 2185 Z
1138 2157 1160 2181 z
1179 2142 1222 2190 iij
