1915 2663
740 198 818 236 429

171 243 245 286 tim
266 247 548 302 applicatarum
573 244 676 285 inter
702 245 739 285 se
761 247 868 297 sunt,
890 259 933 286 ut
953 248 1155 301 portiones
1183 246 1396 296 diametri3.

170 302 237 342 scd
258 305 377 344 etiam
396 304 438 343 in
463 302 648 357 parabola
671 303 831 354 cubica,
856 304 898 343 in
920 303 1114 359 quadrato
1134 305 1364 359 quadratica
1380 340 1391 358 ‚

170 366 250 400 &a
279 373 396 414 atque
424 360 467 399 in
499 373 633 399 earum
666 359 797 400 solidis
820 379 828 404 3
854 361 930 400 five
960 361 1049 415 ipsae
1072 364 1266 416 parabolae
1285 363 1391 403 circa

169 415 254 456 suos
287 431 398 466 axes,
422 415 499 456 five
521 416 625 455 circa
652 429 858 470 tangentes
882 416 932 457 ad
955 418 1247 460 extremitatem
1272 420 1352 459 axis
1380 453 1392 471 ,

168 472 246 512 five
265 473 371 512 circa
393 473 566 527 aliquam
589 488 636 511 ex
661 473 854 513 ordinatis
875 473 925 513 ad
945 488 1059 514 axem
1081 489 1390 527 convertantur,

171 535 210 569 δε
226 529 352 583 geniti
373 530 465 569 inde
485 529 623 579 solidi,
639 529 714 569 five
737 528 807 568 fusi
828 530 1068 584 parabolici,
1089 530 1302 572 dimidium
1316 535 1393 587 pla-

165 598 220 624 no
239 584 290 625 ad
312 586 425 639 ipsius
448 600 561 625 axem
584 588 713 625 eret-“to
734 586 923 627 resectum
942 601 1186 643 proponatur
1205 608 1212 629 :
1238 597 1278 631 δε
1296 590 1394 628 mul-

168 653 208 680 ta
231 642 308 681 alia
331 642 379 682 dc
395 644 532 697 quibus
545 676 555 693 ‚
571 643 595 681 fi
608 642 821 696 aliquando
837 658 895 682 res
913 644 1123 697 postulabit
1136 679 1147 696 ,
1168 643 1283 685 fufius
1297 660 1391 700 age-

168 711 261 740 mus.
300 700 422 739 Nunc
444 700 540 740 vero
559 700 635 738 hoc
656 697 845 737 indicass'e
865 699 1030 740 sufficiat
1044 735 1052 751 ‚
1076 701 1117 740 in
1136 701 1305 741 dimidio
1327 700 1391 741 fu-

169 754 209 794 so
229 757 455 809 parabolico
476 754 708 810 quadratico
733 769 914 795 centrum
939 758 1143 810 gravitatis
1161 773 1273 797 axem
1292 757 1392 798 divi-

163 809 258 850 dere
283 812 331 851 in·
350 812 444 852 duas
463 812 666 866 portiones
680 845 690 861 ‚
704 826 871 865 quarum
895 827 939 852 ea
956 828 1042 867 quae
1063 813 1114 853 ad
1134 814 1326 853 verticem
1341 814 1391 854 acl

166 880 252 907 earn
278 882 363 921 quae
386 868 435 908 ad
462 869 580 908 batim
603 868 638 908 se
658 868 777 908 habet
797 882 841 908 ut
865 885 879 909 1
894 885 908 909 1
934 869 985 908 ad
1008 886 1025 922 5
1051 890 1059 914 ς
1091 870 1134 909 in
1156 871 1297 910 cubico
1316 904 1326 921 ,
1348 884 1390 910 ut
1427 883 1431 886 ’

171 937 214 976 13
233 923 282 963 ad
302 942 326 977 7
344 946 352 969 ;
378 924 419 965 in
443 924 897 980 quadrato-quadratico
912 958 922 976 ,
942 939 986 964 ut
1019 941 1063 977 15
1090 925 1139 965 ad
1159 943 1205 974 9;
1233 927 1275 966 in
1299 943 1391 981 qua-

166 979 446 1021 drato-cubico
464 1016 474 1031 ,
491 995 535 1020 ut
565 997 610 1033 17
630 980 680 1021 ad
710 997 723 1022 1
738 997 775 1026 15
801 995 919 1035 atque
944 982 999 1021 ita
1024 982 1067 1021 in
1087 981 1288 1023 infinitum
1302 1017 1313 1034 ,
1327 983 1391 1024 ad-

167 1036 299 1077 dendo
327 1038 475 1092 semper
507 1055 527 1078 2
561 1037 611 1077 ad
634 1038 803 1091 singulos
830 1038 1084 1092 praecedentis
1114 1039 1279 1080 rationis
1309 1054 1390 1080 ter-

165 1094 307 1133 minos.
346 1096 539 1134 Praetereo
564 1094 737 1134 rationes
759 1094 978 1134 solidorum
996 1095 1169 1149 ipsorum
1191 1096 1241 1135 ad
1264 1097 1391 1150 cylin-

167 1149 259 1190 dros
283 1151 423 1204 quibus
446 1150 747 1200 inscribuntur,
773 1165 867 1204 quas
892 1166 1028 1191 omnes
1060 1151 1282 1193 invenimus
1308 1188 1318 1204 ,
1350 1161 1391 1195 δε

168 1220 336 1260 quarum
355 1207 568 1261 speculatio
585 1205 717 1247 forsan
736 1206 900 1248 minime
920 1206 1136 1262 spernenda
1153 1209 1239 1250 viro
1257 1210 1392 1251 claris-=

167 1263 263 1304 fimo
281 1262 492 1305 videbitur.
772 1315 774 1317 μ

220 1322 267 1360 In
289 1321 471 1374 cycloide
493 1323 725 1363 Torricellii
743 1322 916 1377 agnosco
926 1322 1099 1363 nostram
1111 1323 1395 1374 trochoidem‚‘

164 1390 239 1416 nec
261 1376 365 1417 reste—
388 1378 565 1432 percipio
593 1379 798 1435 quomodo
822 1379 903 1432 ipsa
927 1378 976 1418 ad
998 1380 1118 1419 Italos
1141 1381 1395 1434 pervenerit,

166 1433 282 1473 nobis
310 1434 588 1476 nescientibus.
631 1436 757 1493 Qod
787 1436 812 1474 fi
837 1436 905 1476 illa
928 1448 1040 1475 tanto
1062 1436 1150 1481 viro
1176 1437 1397 1490 placuerit,

166 1489 292 1530 laetor.
325 1493 457 1545 Spero·
472 1505 603 1532 autem
621 1493 732 1532 brevi
756 1491 843 1532 fore
858 1505 902 1531 ut
915 1491 1056 1531 eadem
1074 1492 1116 1531 in
1132 1494 1263 1533 lucem
1282 1493 1406 1532 emit*

168 1557 272 1586 tatur
293 1580 304 1598 ,
324 1561 415 1588 cum
437 1549 510 1588 suis
531 1549 805 1604 tangentibus,
828 1563 998 1601 cumque
1013 1547 1136 1587 solido
1153 1562 1200 1587 ex
1217 1564 1400 1589 conver-—

168 1601 275 1642 fione
296 1604 401 1644 illius
427 1605 534 1645 circa
554 1605 674 1645 basim
703 1606 862 1660 genito,
890 1602 1022 1643 forsan
1045 1611 1085 1645 δε
1112 1604 1218 1644 circa
1243 1620 1356 1645 axem
1378 1624 1395 1647 τ

168 1673 298 1714 neque
323 1660 366 1700 id
386 1661 541 1702 tantum
564 1662 605 1701 in
629 1662 755 1716 prima
781 1660 994 1702 trochoide
1017 1661 1124 1711 cujus
1143 1661 1238 1701 bafis
1263 1677 1402 1716 aequa-2»

169 1715 214 1755 lis
236 1716 312 1756 effe
332 1719 492 1771 ponitur
503 1716 833 1759 circumferentiae
845 1731 938 1757 rorae
953 1716 1175 1773 genitricis;
1197 1716 1261 1757 sed
1274 1720 1403 1759 etiam.

171 1771 214 1811 in
235 1775 372 1828 quavis
394 1776 470 1814 alia
492 1774 704 1815 trochoide
725 1776 801 1816 five
813 1775 966 1829 prolata
981 1808 991 1826 ,
1006 1774 1082 1814 five
1096 1777 1318 1821 contra&a;
1341 1788 1401 1815 at·-

174 1841 250 1881 que
270 1830 312 1869 in
336 1831 449 1871 sociis
472 1832 714 1873 earumdem.

232 1886 450 1940 Propositio
475 1889 524 1928 de
560 1889 686 1930 solido
716 1888 738 1929 a
764 1889 939 1944 qualibet
971 1888 1140 1930 senione
1164 1890 1257 1929 coni
1291 1888 1410 1930 circa*

173 1956 289 1982 axem
328 1943 615 1987 circumvomtfi
651 1946 846 2001 descripto
870 1980 881 1997 ,
916 1959 1035 2001 atque
1073 1945 1124 1986 ad
1157 1961 1302 1987 conum
1339 1947 1413 1985 eiar

177 1998 266 2039 dem
300 1999 530 2055 inscriptum
556 2003 673 2043 unica
709 2003 991 2044 enunciatione
1029 2005 1178 2042 collato
1197 2036 1207 2052 ,
1237 2004 1408 2057 elegan—

180 2056 324 2095 tiffima
341 2057 393 2096 est
416 2066 456 2099 &
478 2059 671 2099 veriffima
693 2093 703 2110 ‚
734 2060 828 2100 ficut
855 2060 1206 2101 demonstravimus
1231 2078 1240 2099 ι
1263 2073 1336 2098 nec
1363 2059 1413 2101 ei:

179 2111 345 2154 inferior
368 2115 488 2156 estrea
511 2131 596 2172 quae
622 2116 689 2158 sub
710 2116 848 2158 eadem
866 2117 994 2173 figura
1013 2114 1246 2213 hlz-ilbletfirfie
1260 2127 1414 2164 centro»

1106 2187 1120 2212 1
1180 2185 1223 2222 ιι]
