1915 2663
201 210 416 257 ferendum
438 213 559 256 fuerit
570 220 583 263 )
599 213 664 254 sed
684 167 887 255 libelligzd
906 215 947 255 id
965 214 1087 270 praelis
1101 215 1428 267 commisso,vul-

198 274 389 327 ‘gavistise
411 273 532 326 idque
552 271 713 312 interim
728 305 737 323 ‚
760 287 805 312 ac
826 271 968 312 eodem
986 272 1140 326 prorsus
1157 286 1334 327 ternpore
1347 288 1426 327 quo

197 329 406 369 continuis
433 329 566 369 vestris
594 328 716 368 literis
738 330 938 368 contraria
961 330 1270 383 promitteretis?
1305 331 1425 368 Haec-

198 386 295 426 cine
313 386 436 426 vestra
456 385 598 439 religio
616 397 627 426 Ξ
652 385 735 425 haec
755 385 1023 426 consuetudo?
1047 386 1175 441 Quod
1195 386 1220 425 si
1245 400 1320 440 ego
1348 386 1425 426 huc

154 437 159 442 ⁸
197 441 324 496 -usque
349 440 398 480 de
419 442 491 481 tali
510 441 653 492 injuria
670 456 741 496 pro
759 443 815 482 rei
832 442 1046 482 acerbitate
1063 443 1214 496 questus
1229 458 1310 482 non
1322 443 1401 481 sum
1415 477 1425 493 ,

199 496 361 549 -,fateor
380 497 451 538 soli
474 513 523 538 ne
541 498 583 538 id.
604 496 781 538 facerem
805 499 1010 539 evicerunt
1037 514 1267 539 communes
1295 499 1426 540 aimei.

198 553 317 617 Qid
338 567 469 595 autem
492 555 591 595 lucri
616 554 694 595 feci
719 555 796 595 illis
822 555 1158 610 obtemperando.
1151 568 1161 587 >
1185 571 1326 610 nempe
1348 571 1429 595 cre-

201 624 263 651 vit
289 612 399 651 vobis
428 610 596 662 fiducia,
623 612 715 665 quia
744 626 807 651 me
832 610 1020 662 bardum,
1045 628 1112 666 qui
1138 613 1335 652 illatarum
1364 612 1428 652 in-

196 667 391 718 juriarum
413 668 517 708 nihil
540 669 746 718 sentirem,
769 667 1068 708 existimavistis.
1112 672 1302 708 Attamen
1327 669 1351 708 si
1378 667 1427 708 ad

196 726 368 777 paucula
396 725 515 765 verba
535 739 620 778 qua:
640 724 841 778 superbae
867 739 908 763 re
933 723 982 763 ad
1002 740 1071 764 vos
1096 724 1224 779 sciipfi
1249 725 1427 766 animuin

194 778 474 831 adverteritis,
499 779 616 820 facile
637 794 684 819 ex
704 795 751 820 iis
774 780 998 835 percipietis
1020 780 1069 819 de
1098 796 1162 820 me
1185 781 1265 820 dici
1294 780 1424 836 posse:

404 866 685 918 Vttltttfimulat
707 870 875 921 :premit
893 868 1011 905 altum
1032 867 1141 906 corde
1161 866 1338 906 dolorem.

194 948 350 989 Nonne
369 964 464 1004 ergo
487 949 567 1004 ipse
590 949 696 1004 prior
718 948 824 990 idern
846 949 955 1016 quod
978 964 1070 999 vos,
1084 949 1157 989 sed
1176 965 1258 990 non
1280 950 1424 1005 absque

192 1006 312 1046 causa
337 1008 509 1046 clamare
528 1006 670 1056 debui,
696 1014 728 1045 Ῑ
728 1011 780 1045 im
799 1011 949 1063 patiam
970 1006 1196 1046 incredibile
1217 1008 1264 1057 cst·
1280 1020 1420 1075 qtmnto

193 1064 375 1113 defiderio
401 1066 587 1119 expec‘ffem
608 1065 813 1118 responfitm
826 1065 944 1118 ficper
964 1062 1034 1102 hac
1053 1079 1105 1103 re.
1144 1063 1300 1117 Qubus
1330 1061 1419 1103 sane

195 1119 349 1169 verbis,
368 1135 413 1159 ac
438 1120 565 1159 multo
591 1132 712 1159 etiam
731 1119 903 1173 pluribus
923 1134 1015 1159 cum
1036 1118 1086 1158 ad
1110 1122 1158 1159 R.
1173 1121 1213 1159 P.
1236 1121 1419 1159 Messen-

192 1189 292 1215 num
313 1189 398 1216 tum
423 1175 472 1216 ad
493 1175 769 1230 ampliffimum
789 1178 843 1216 D.
878 1176 922 1215 de
942 1185 1113 1228 Carcavy
1134 1176 1311 1230 scriptis,
1336 1192 1419 1216 non

192 1231 357 1272 obscure
380 1232 660 1287 fignificavistis
674 1248 769 1283 vos,
791 1232 860 1272 nifi
873 1248 1009 1272 coram
1022 1233 1133 1272 vobis
1154 1233 1310 1287 purgati
1331 1231 1419 1272 fue-

191 1287 339 1340 rimus,
363 1289 405 1329 in
428 1304 499 1329 nos
522 1289 699 1329 acerbius
722 1288 927 1343 quidpiam
961 1289 1130 1329 omnino
1161 1287 1349 1334 statuiffe3
1375 1303 1419 1329 ut

192 1343 244 1383 fic
265 1353 305 1386 δι
328 1345 472 1396 injuria
487 1379 499 1396 ,
524 1354 565 1388 δε
586 1346 732 1385 mulera
753 1345 863 1394 fimul
883 1344 1136 1387 afficeremur.
1173 1345 1252 1386 Sed
1273 1345 1323 1384 de
1339 1346 1419 1386 hoc

187 1400 280 1441 satis
303 1420 311 1442 :
340 1417 445 1442 nunc
474 1401 523 1442 ad
541 1403 617 1442 alia
638 1402 768 1455 capita
789 1402 1043 1442 transeamus.

248 1457 395 1498 Rursus
425 1459 571 1512 igitur,
595 1472 730 1510 nonne
754 1458 901 1511 primus
923 1459 1103 1498 omnium
1122 1458 1326 1511 parabolas
1343 1474 1418 1513 ego

189 1526 283 1553 cum
298 1514 489 1554 helicibus
504 1492 733 1569 comparavi
746 1513 958 1554 secundum
971 1513 1284 1567 longitudinem
1277 1527 1286 1545 >
1305 1493 1421 1556 Nonn-

193 1584 245 1610 ne
275 1570 353 1621 jam
374 1586 497 1610 annus
520 1571 680 1625 quintus
702 1570 902 1620 excurrit,
927 1585 974 1609 ex
997 1585 1076 1624 quo
1099 1570 1305 1610 theorema
1329 1573 1417 1611 vul-

191 1627 284 1680 gavi
298 1626 511 1681 ‚idemque
532 1642 621 1666 meo
650 1626 813 1665 nomine
827 1627 952 1680 praelis
968 1625 1235 1666 mandavitR.
1253 1628 1293 1668 P.
1309 1629 1417 1668 Mer-

189 1683 329 1723 sennus
345 1695 355 1725 ὲ
379 1685 530 1723 Nonne
553 1698 622 1723 vos
645 1683 691 1722 ab
707 1682 844 1722 amicis
858 1682 1062 1723 relcivistis
1077 1715 1087 1732 ,
1100 1696 1144 1721 ac
1159 1695 1243 1722 tum
1254 1682 1416 1725 demum

188 1754 296 1780 anno
324 1749 438 1792 1645.
460 1739 508 1779 ad
532 1739 573 1779 id
597 1739 774 1779 animum
799 1739 1063 1794 applicuistis?
1089 1739 1347 1789 Habeorsane
1360 1741 1415 1780 su-

189 1810 259 1850 per
280 1796 355 1836 liae
376 1811 420 1835 re
444 1796 586 1837 vestras
617 1795 667 1835 ad
698 1795 843 1836 vestros
871 1796 1018 1836 amicos
1053 1798 1259 1835 Romanos
1283 1797 1414 1838 literas

188 1852 314 1892 vestra
346 1868 467 1893 manu
497 1867 541 1892 ac
572 1853 700 1892 vestro
726 1851 919 1892 idiomate
950 1852 1121 1905 scriptas.
1165 1852 1279 1907 Qid
1305 1866 1411 1895 tum?

191 1910 282 1953 Iam
306 1924 376 1948 vos
396 1911 549 1963 palam,
573 1908 755 1949 omnibus
771 1906 853 1948 fere
867 1909 1000 1950 vestris
1017 1908 1139 1947 literis
1161 1910 1412 1962 gloriamini,

189 1980 274 2005 non
291 1964 412 2004 solum
437 1966 660 2018 parabolam
680 1966 864 2005 conicam
884 1981 974 2005 cum
998 1965 1127 2004 helice
1143 1966 1412 2006 Archimedea

189 2019 456 2075 comparasse,
477 2021 541 2060 sed
564 2030 604 2063 Sc
623 2022 792 2075 reliquas
814 2023 1017 2076 parabolas
1039 2035 1128 2060 cum
1153 2023 1320 2075 propriis
1339 2023 1411 2063 suis

188 2077 385 2119 helicibus
397 2110 408 2127 ,
431 2077 556 2121 immo
572 2085 612 2120 &
623 2079 839 2131 quemlibet
851 2079 989 2119 helicis
1004 2092 1138 2117 arcum
1153 2079 1214 2116 vel
1235 2091 1386 2131 partem
1398 2113 1410 2131 ‚

233 2144 318 2177 Rec.
335 2136 380 2175 de
389 2136 536 2175 l’Acad.
550 2142 652 2175 Tom.
666 2142 728 2176 VJ.
1103 2134 1251 2175 Mmm
