1915 2663
534 170 614 222 ³3⁷6&
901 166 977 211 DE
1028 166 1383 211 Titocflomfi.

541 234 688 271 feratur
711 243 842 270 autem
864 231 941 271 una
960 246 1050 271 cum
1071 234 1155 271 rota
1182 234 1286 271 reeta
1310 234 1379 271 EA
1395 264 1405 281 ,
1427 244 1511 284 quae
1532 231 1581 271 ad
1607 243 1761 273 motum

539 301 635 327 rotae
646 288 847 342 aequaliter
860 288 1195 327 circumvolvatur
1209 321 1219 338 ,
1230 289 1284 327 ita
1299 301 1341 326 ut
1358 288 1399 327 in
1414 287 1546 327 medio
1564 286 1691 328 motus
1703 289 1762 328 in-

531 357 660 399 *tegrae
683 343 948 383 conversionis
971 344 1051 397 ipsa
1070 346 1141 382 EA
1159 344 1373 384 conveniat
1395 346 1506 383 teche
1532 346 1613 383 KH
1628 378 1638 394 ,
1657 344 1698 383 in
1715 343 1763 382 fi-

541 415 593 440 ne
615 413 747 440 autem
768 399 905 439 eadem
928 399 1151 445 ¹conveniat
1173 402 1283 439 re&ae
1307 401 1333 438 P
1354 402 1385 440 L
1408 420 1416 445 3
1450 401 1577 453 ficque
1602 413 1761 454 propter

541 457 858 511 implicationem
884 454 1012 495 motus
1032 456 1234 495 circularis
1258 469 1349 494 cum
1375 458 1480 496 recto
1512 459 1698 510 punctum
1726 459 1763 497 A

542 512 736 553 describat
764 512 1017 552 trochoidem
1039 513 1266 562 ARYHL,
1293 512 1398 561 cujus
1431 513 1523 552 basis
1552 515 1624 552 AL
1641 545 1649 557 ,
1679 513 1761 553 axis

538 571 616 610 >HF
629 604 639 620 ,
665 583 800 610 vertex
824 571 866 609 H
881 602 891 619 ‚
916 570 1143 610 centrumK
1157 601 1167 618 ,
1188 576 1227 610 δε
1251 567 1418 621 spatium
1443 571 1479 607 A
1493 571 1529 609 R
1542 571 1577 608 Y
1599 571 1639 608 H
1656 571 1685 608 L
1699 572 1733 608 A
1749 590 1757 614 ς

542 626 615 665 sint
641 627 760 667 etiam
783 627 923 680 puncta
943 629 978 665 A
991 659 1000 675 ,
1017 626 1066 675 F,
1086 627 1118 664 L
1138 624 1181 663 in
1205 623 1341 664 efidem
1369 625 1472 663 reeta
1487 623 1590 663 linea
1606 639 1689 687 quae
1708 626 1762 664 est

541 681 660 733 bafis,
681 691 721 725 δε
744 684 885 737 puncta
903 684 962 732 C,
981 683 1047 731 H,
1060 681 1133 720 N
1124 695 1165 719 1n
1189 681 1264 720 alia
1288 681 1391 720 reeta
1404 680 1478 734 ipsi
1493 680 1568 720 basi
1588 688 1626 722 δε
1646 681 1760 720 itine-

539 739 573 777 ιι
593 740 720 779 centii
741 739 947 794 paralleli,
968 751 1011 777 ut
1030 737 1072 776 sit
1092 738 1247 777 ALNC
1272 738 1685 791 parallelogrammum
1704 752 1762 776 re-

540 796 778 849 clangulum.
821 797 1010 834 Praeterea
1033 806 1171 833 centro
1193 795 1249 843 K,
1274 801 1315 835 δε
1336 793 1543 832 intervallo
1565 795 1671 843 KH,
1695 794 1760 834 seu

539 852 606 890 KF
620 829 788 905 'vaequah
812 851 879 905 ipsi
900 853 994 897 EA,
1017 850 1256 889 describatur
1278 850 1446 889 circulus
1470 850 1606 889 HIFG
1621 850 1755 899 ,cujus

537 884 860 946 circumferentia
880 907 981 945 secet
1005 907 1078 945 iter
1096 905 1222 944 centri
1248 920 1378 945 versus
1402 905 1639 968 principium
1663 906 1753 959 qui-

538 962 628 1002 dem
648 963 690 1002 in
713 965 754 1013 1,
787 978 917 1002 vorsus
940 961 1060 1000 finem
1084 974 1212 1000 autem
1244 961 1285 1000 in
1310 963 1368 1010 G,
1394 962 1462 1014 qui
1491 961 1658 1000 circulus
1679 962 1755 1001 erit

536 1019 715 1073 proprius
734 1018 936 1059 trochotdi
947 1033 993 1057 ex
1010 1017 1243 1057 definitione
1255 1030 1430 1071 eritque
1441 1016 1546 1056 idem
1557 1018 1757 1072 velaequa-

530 1076 580 1114 ⁴lis
601 1089 719 1124 rotae,
745 1076 837 1116 vel
829 1090 910 1130 ipsa
933 1075 1072 1124 major
1079 1087 1146 1113 aut
1168 1073 1299 1113 minor
1313 1072 1455 1127 ,quod
1476 1073 1553 1113 hoc
1577 1075 1668 1113 loco
1691 1089 1754 1113 ni-

535 1131 593 1171 hil
611 1130 744 1172 refert.
779 1135 879 1171 Item
902 1146 944 1170 ln
961 1132 1065 1170 linea
1077 1132 1269 1180 ARYH,
1290 1145 1375 1184 quae
1391 1130 1444 1169 est
1465 1130 1590 1184 prima
1604 1130 1753 1170 medie-

536 1201 593 1228 tas
616 1188 834 1228 trochoidis
857 1188 1027 1228 sumatur
1045 1186 1310 1241 quodcunque
1333 1188 1518 1240 punctum
1540 1186 1640 1239 Y,
1628 1202 1649 1226 a
1675 1202 1753 1241 quo

535 1245 586 1284 ad
611 1259 723 1285 axem
743 1246 840 1295 HF,
858 1244 1041 1284 ordinata
1063 1244 1105 1282 s1t
1128 1245 1232 1283 resta
1256 1245 1338 1282 YD
1361 1243 1490 1282 secans
1510 1243 1678 1296 primam
1695 1243 1753 1282 se-

534 1300 958 1341 micircumferentiam
987 1299 1125 1339 circuli
1147 1299 1295 1353 proprii
1314 1299 1354 1338 in
1378 1299 1521 1352 puncto
1542 1301 1594 1338 X.

589 1358 699 1396 Dico
722 1358 850 1411 primb
872 1357 1098 1410 portionem
1119 1357 1293 1409 aliquam
1308 1355 1421 1408 ipsms
1445 1357 1527 1393 YD
1549 1353 1624 1394 esse
1644 1355 1750 1394 extra

534 1414 728 1452 circulum
747 1413 998 1469 FIH.Q1ia
1025 1427 1115 1451 cum
1136 1413 1326 1465 punctum
1350 1413 1386 1450 Y
1406 1410 1479 1449 est
1470 1425 1512 1450 m
1529 1411 1653 1465 prima
1671 1426 1752 1452 me-

533 1469 681 1508 dietate
712 1469 956 1518 trochoidis‚
979 1483 1063 1522 quae
1084 1467 1246 1520 quidem
1267 1482 1334 1522 per
1356 1466 1481 1521 ipsum
1502 1469 1688 1520 punctum
1712 1469 1750 1506 Y

534 1525 649 1565 semel
667 1538 821 1564 tantum
840 1502 997 1574 transit,
1021 1537 1064 1563 ut
1087 1524 1257 1578 superius
1281 1523 1447 1578 posltum
1468 1524 1544 1573 cst,
1562 1538 1649 1562 non
1677 1538 1751 1578 po-

530 1582 603 1622 test
624 1580 699 1620 csse
720 1582 790 1621 nisi
816 1581 933 1620 unica
955 1581 1094 1635 positio
1112 1593 1206 1619 rotae
1224 1594 1266 1619 in
1285 1581 1361 1633 qua
1384 1580 1445 1619 ill
1440 1597 1450 1618 ι
1464 1556 1651 1619 existente
1672 1595 1747 1620 no-

530 1650 657 1677 tatum
687 1639 739 1676 est
760 1639 945 1692 punctum
969 1639 1005 1676 Y
1027 1669 1037 1684 ,
1065 1650 1181 1690 atque
1202 1636 1245 1675 in
1265 1636 1334 1675 illa
1357 1635 1548 1690 politione
1570 1649 1750 1676 centrum

531 1694 644 1748 ipfius
663 1707 758 1733 rotae
776 1694 909 1733 extitit
934 1695 1037 1733 inter
1059 1695 1200 1748 puncta
1223 1695 1253 1732 E
1267 1726 1277 1742 ,
1293 1694 1327 1731 K
1343 1725 1352 1743 ,
1367 1692 1546 1731 scilicet
1537 1705 1642 1732 intra
1667 1693 1749 1747 pri-

532 1765 636 1790 mam
660 1750 912 1790 mcdietatem
933 1751 1084 1790 itineris
1106 1749 1243 1789 centri.
1279 1749 1426 1789 Existat
1445 1749 1567 1802 igitur
1585 1750 1629 1788 ea
1648 1749 1746 1803 pofi·

533 1807 644 1849 tione
666 1821 846 1846 centrum
867 1806 965 1846 illud
988 1807 1029 1846 in
1053 1808 1196 1861 puncto
1214 1822 1261 1858 7,
1275 1821 1341 1860 per
1366 1804 1475 1858 quod
1497 1804 1662 1845 ducatur
1686 1820 1750 1847 re.-

533 1865 593 1902 ἃᾶ
619 1869 638 1904 8
654 1880 713 1916 79
732 1866 917 1917 parallela
941 1863 1051 1902 lincae
1077 1862 1198 1901 medii
1217 1874 1345 1901 motus
1369 1862 1507 1911 FKH,
1526 1861 1655 1901 secans
1677 1862 1746 1901 ba-

532 1919 599 1958 fim
623 1919 784 1973 quidem
804 1922 897 1971 AL,
920 1919 962 1958 in
990 1921 1132 1973 puncto
1157 1924 1203 1968 8,
1228 1920 1372 1957 metam
1390 1917 1487 1956 veih
1497 1895 1603 1958 'CN
1594 1933 1635 1957 in
1648 1933 1747 1972 pun-

524 1977 594 2023 cto
619 1992 665 2024 9,
687 1975 852 2016 ducatur
878 1990 1035 2030 quoque
1061 1977 1163 2015 reeta
1189 1990 1213 2026 7
1234 1977 1295 2024 Y,
1323 1989 1406 2029 quae
1428 1974 1521 2027 quia
1548 1973 1738 2014 ducitur
1726 1990 1745 2012 1

531 2044 668 2071 centro
695 2046 789 2072 rotae
812 2049 836 2085 7
860 2032 901 2071 in
927 2033 1000 2071 hac
1021 2031 1211 2085 posltione
1233 2030 1279 2069 ad
1301 2032 1484 2084 punctum
1507 2033 1543 2069 Y
1558 2029 1710 2084 quod
1702 2045 1743 2069 in

529 2087 664 2129 eadem
679 2089 875 2144 positione
884 2087 1138 2131 trochoidem
1150 2087 1334 2128 describit
1345 2087 1527 2152 ,aequalis
1543 2087 1620 2126 elit
1636 2088 1746 2125 rest-x

1649 2145 1746 2193 EA,
