1915 2663
282 134 361 178 DE
392 136 832 178 chocturmuss
865 136 1068 189 AEQUAT
1087 149 1216 179 rom]
1236 152 1283 180 M.
1345 155 1418 181 121

190 199 349 243 Contra
377 203 471 244 vero
495 200 731 256 quadratum
756 200 888 239 lateris
902 200 1058 254 politivi
1074 201 1420 257 111f1>31‚aeqi1ivalct

196 257 391 313 quadrato
406 259 537 298 lateris
554 257 711 312 positivi
721 256 853 311 suprh,
866 257 958 311 quia
972 256 1017 296 fit
1029 272 1076 296 ex
1092 271 1159 300 -θ-
1177 262 1212 298 A
1224 260 1266 298 in
1283 272 1350 302 -÷-
1367 262 1420 306 A,

194 316 258 355 vel
271 330 319 354 ex
331 340 410 346 —
421 318 458 355 A
472 315 514 355 in
525 339 604 345 -—
616 317 652 354 A
664 348 674 365 ,
689 313 793 353 unde
815 314 956 368 quovis
982 314 1104 354 modo
1132 314 1176 355 fit
1191 328 1258 358 -f-
1276 319 1311 355 A
1325 327 1336 343 '—
1360 315 1423 355 su-

193 370 261 426 prh
277 404 287 422 ‚
309 373 372 412 vel
387 372 637 426 aequivalens.
673 373 811 426 Itaque
827 371 955 410 omnis
970 368 1127 411 affcffio
1148 372 1214 411 sub
1226 371 1425 426 quadrato

193 429 325 468 lateris
341 427 635 484 politiviinfr31,
650 429 822 483 sequitur
837 441 1019 467 naturam
1047 428 1102 466 sui
1129 428 1227 482 signi
1249 428 1423 469 affirma-

182 483 266 524 —tivi
289 488 351 525 vel
378 487 562 541 negativi
583 505 590 525 :
614 486 656 525 in
674 485 878 524 altioribus
896 484 992 524 vero
1007 483 1190 538 gradibus
1205 518 1216 534 ,
1236 486 1424 526 similiar-

194 554 385 595 gurnento
405 542 687 582 concludemus
713 541 820 580 idem
837 539 1017 579 accidere
1037 539 1241 580 affectioni
1264 542 1330 581 sub
1352 557 1424 581 cu—

194 598 244 636 bo
259 630 271 647 ,
295 599 403 653 quod
416 600 481 639 sub
494 600 559 638 suo
575 601 717 638 latere:
735 605 775 639 δε
793 596 1190 651 quadratoquadraro
1204 631 1215 648 ,
1231 597 1338 652 quod
1354 600 1423 638 suo

193 655 387 708 quadrato
402 690 413 708 ,
431 656 614 710 atqueita
633 653 824 693 continue
837 668 904 708 per
924 653 1066 708 gradus
1085 655 1244 695 altiores
1261 689 1272 706 ,
1294 669 1339 695 ut
1359 654 1426 697 illi

191 711 262 765 qui
279 714 496 752 statuuntur
508 712 550 750 in
564 711 660 751 locis
673 711 888 766 imparibus
902 743 912 760 ,
932 711 1137 750 imitentur
1154 714 1252 752 latus
1267 713 1392 767 ipsum
1406 732 1418 757 ς

175 767 263 821 ‘qui
289 782 420 809 autem
445 768 664 808 statuuntur
685 767 728 808 in
751 767 847 808 locis
871 768 1027 822 paribus
1045 800 1056 818 ‚
1088 768 1294 808 imitentur
1319 784 1424 823 quas

188 824 360 866 dratum.

251 883 413 938 Insuper
432 885 562 924 omnis
580 882 737 924 affectio
750 917 761 935 ,
775 898 860 939 qua:
874 883 1020 924 retinet
1034 897 1215 925 naturam
1229 885 1284 925 sui
1300 885 1396 941 {igni
1411 899 1428 937 ‚⁴

191 939 307 980 duaa
319 940 362 979 in
375 939 627 981 affe-&ionem
642 975 652 993 ‚
666 957 751 996 qux
775 941 916 981 itidem
938 954 1120 983 naturam
1140 942 1195 981 sui
1212 942 1309 996 figni
1326 944 1423 983 reti—

188 1010 306 1048 neat,
319 997 505 1052 producit
519 999 637 1038 aliam
652 1031 662 1048 ,
678 1012 763 1052 quae
785 999 905 1038 etiam
926 1012 1109 1038 naturam
1127 1032 1137 1048 ‚
1164 998 1219 1038 sui
1242 1000 1339 1054 ligni
1362 1014 1427 1040 re—

192 1054 306 1094 tinet.
342 1054 420 1094 Sed
446 1062 486 1096 <Sc
506 1052 664 1094 affefflo
690 1069 776 1108 quae
805 1054 978 1109 sequitur
999 1055 1242 1096 contrariam
1257 1057 1312 1096 sui
1329 1056 1427 1112 signi

194 1123 375 1150 naturam
391 1144 401 1161 ‚
414 1111 531 1150 ducta
555 1111 597 1149 in
619 1109 873 1151 affefflonem
889 1111 1232 1163 quaecontrariam
1253 1112 1309 1152 sui
1327 1114 1427 1167 signi

191 1179 375 1207 naturam
391 1168 573 1221 sequatur
585 1199 596 1216 ,
609 1164 796 1221 producit
806 1167 926 1206 aliam
943 1199 955 1216 ,
968 1181 1053 1221 quae
1068 1166 1243 1223 sequitur
1257 1169 1429 1213 eandem

192 1222 250 1262 sui
272 1222 370 1277 figni
391 1237 587 1264 naturam.

248 1280 510 1320 Contrarium
529 1293 661 1320 autem
674 1278 825 1320 accidit
834 1279 933 1320 dum
944 1278 1144 1320 ducuntur
1158 1280 1262 1321 inter
1285 1282 1321 1321 se
1339 1280 1426 1323 duae

193 1333 422 1377 affefflones
435 1371 445 1388 ‚
461 1352 629 1392 quarum
641 1352 719 1377 una
737 1337 793 1377 sui
812 1337 910 1392 figni
927 1350 1112 1377 naturam
1137 1337 1319 1392 sequatur
1339 1373 1350 1389 ‚
1367 1342 1426 1380 ala

186 1405 280 1433 tera
290 1396 533 1435 contrariam
547 1428 556 1445 ‚
571 1409 656 1449 quae
670 1394 778 1436 enim
792 1394 887 1437 inde
898 1393 943 1436 fit
956 1392 1114 1437 affefflo
1127 1428 1139 1447 ,
1152 1395 1324 1452 sequitur
1335 1411 1431 1438 con·

195 1450 358 1493 trariarn
370 1451 427 1493 sui
439 1451 538 1508 figni
551 1465 744 1495 naturam.

736 1571 879 1610 Tertia.

308 1679 349 1718 X
375 1677 523 1718 duabus
541 1679 646 1719 notis
664 1681 860 1735 praemiffis
877 1693 960 1719 non
974 1677 1139 1720 difficile
1159 1680 1235 1720 erit
1261 1683 1428 1735 explica*

270 1766 276 1770 .
308 1749 371 1784 re,
393 1735 484 1774 cum
510 1750 556 1774 ex
574 1737 912 1790 multiplicatione
935 1737 1206 1776 binomiorum
1232 1737 1275 1777 in
1302 1737 1430 1777 omni-

197 1792 266 1832 bus
291 1791 483 1846 capitibus
504 1792 581 1842 jam
610 1793 817 1846 expolitis,
840 1793 946 1832 circa
974 1792 1185 1846 quadratas
1208 1801 1248 1836 δε
1271 1795 1429 1834 cubicas

199 1846 426 1888 affefflones
453 1882 464 1900 ,
495 1847 735 1903 producatur
776 1849 939 1889 tandem
973 1850 1144 1904 aequatio
1177 1865 1262 1905 quae
1298 1851 1427 1891 nihilo

201 1905 460 1959 aequivaleat‚
482 1905 524 1946 id
548 1919 679 1946 autem
702 1921 783 1946 uno
807 1920 874 1948 aut
905 1908 1032 1947 altero
1058 1910 1241 1963 exemplo
1265 1907 1428 1948 illustra-

198 1961 337 2002 bimus.

253 2020 509 2072 Proponatur
529 2019 702 2074 primum
716 2054 728 2072 ,
743 2035 787 2062 ut
800 2022 842 2063 in
856 2021 1126 2078 propositione
1143 2020 1312 2063 secunda
1333 2022 1427 2076 qua'-

199 2073 445 2116 draticarum
463 2109 473 2127 ‚
487 2075 575 2116 -haec
591 2078 761 2131 aequatio

243 2142 331 2177 ,Rea
348 2134 392 2175 de
402 2134 549 2176 l’Affad.
567 2142 669 2177 Teme
683 2143 745 2176 VJ.
1234 2138 1287 2190 Q
