1915 2663
489 195 564 242 352
841 179 916 218 DE
964 178 1338 220 TROCH01DE.

538 240 797 285 Manifestum
822 242 876 282 est
894 254 1025 281 autem
1046 240 1409 283 circumferentiam
1431 252 1526 280 rotae
1539 240 1702 280 contin-

485 316 577 356 gere
603 297 793 339 continu&
815 307 856 341 δε
879 298 1082 339 successive
1116 301 1159 338 in
1188 300 1272 339 aliis
1304 311 1422 352 atque
1443 297 1527 336 aliis
1549 297 1701 352 punctis

484 357 686 413 quandam
705 355 853 394 lineam
881 356 1026 394 rectam
1044 355 1181 395 itineri
1204 355 1332 396 centri
1350 356 1578 409 parallelam
1600 372 1608 394 ε
1629 368 1700 394 vo·

484 428 594 454 cetur
624 414 705 453 haec
734 416 804 451 via
831 423 932 451 rotie.

541 468 801 511 Manifestum
822 468 876 507 cst
895 481 1054 521 quoque
1067 464 1264 522 quidquid
1276 466 1430 506 accidat
1440 467 1482 506 in
1493 466 1627 520 quavis
1639 467 1705 507 in-

485 528 596 581 tegra
624 525 984 566 circumvolutione
1004 537 1119 574 rotae,
1147 523 1255 564 idem
1277 537 1436 577 quoque
1460 522 1639 562 accidere
1661 523 1705 563 in

484 585 720 638 quacunque
739 583 815 622 alia
835 601 843 622 :
870 581 990 621 modo
1004 581 1119 621 initia
1128 579 1535 621 circumvolutionum
1547 579 1706 619 suman-

484 654 548 680 tur
572 639 593 680 a
618 639 735 679 radiis
758 639 934 679 fimiliter
955 638 1085 693 positis
1101 671 1111 689 ‚
1125 637 1166 677 id
1179 639 1253 689 est,
1272 636 1341 691 qui
1353 650 1445 676 cum
1456 635 1599 674 itinere
1608 650 1704 675 cen-

483 697 535 736 tri
556 697 722 751 aequales
744 695 794 736 ad
816 694 970 735 easdem
994 708 1120 749 partes
1136 696 1302 750 angulos
1324 692 1588 743 constituant,
1615 691 1705 732 fint-

485 768 562 808 que
584 753 686 793 radii
707 752 776 807 ipfi
798 751 989 807 paralleli.

541 811 629 849 Nos
658 809 794 863 itaque
831 824 951 849 unam
981 808 1281 848 conversionem
1311 805 1544 847 affumamus
1564 839 1575 856 ‚
1599 804 1709 856 cujus

484 867 644 906 initium
670 866 870 905 statuimus
893 866 935 905 in
960 881 1007 904 eo
1028 878 1123 904 rotae
1145 863 1257 904 radio
1280 864 1349 917 qui
1370 862 1707 919 perpendicularis

485 923 539 961 est
570 935 652 963 tam
683 922 754 962 viae
778 934 873 961 rotae
904 921 1021 974 quam
1043 921 1179 960 itineri
1197 920 1348 969 centri,
1377 934 1547 974 eumque
1579 918 1706 972 ipsum

484 978 639 1018 radium
655 1011 665 1028 ,
697 977 793 1018 dum
821 977 871 1016 ad
896 991 1049 1016 motum
1070 990 1166 1016 rotae
1190 989 1394 1026 movetur,
1415 974 1706 1015 consideramus

486 1050 530 1074 ac
555 1034 850 1089 prosequimur,
876 1033 1003 1073 donec
1038 1034 1212 1073 absoluta
1243 1032 1398 1086 integra
1425 1029 1708 1081 conversione,

484 1091 592 1132 idem
613 1092 661 1131 ab
685 1091 823 1131 eadem
845 1104 954 1145 parte
982 1090 1050 1129 fiat
1071 1090 1196 1130 rursus
1219 1088 1357 1129 iisdem
1380 1089 1453 1129 viae
1476 1101 1570 1128 rotae
1588 1093 1629 1128 δε
1644 1085 1709 1126 iti-

486 1149 573 1189 neri
593 1148 721 1187 centri
751 1147 1101 1202 perpendicularis.
1148 1146 1230 1186 Hic
1252 1160 1347 1200 ergo
1369 1144 1499 1185 radius
1521 1145 1564 1184 in
1586 1142 1706 1182 initio

485 1204 856 1245 circumvolutionis
869 1217 1032 1244 vocetur
1045 1204 1177 1243 radius
1177 1206 1364 1259 principii
1371 1201 1506 1242 motzfis:
1519 1201 1561 1241 in
1573 1199 1708 1240 medio

487 1275 620 1302 autem
641 1261 735 1301 dum
758 1261 838 1315 ipse
854 1259 1184 1315 perpendicularis
1199 1260 1252 1299 est
1263 1259 1398 1298 itineri
1410 1258 1537 1298 centri
1550 1290 1561 1307 ,
1574 1256 1640 1296 sed.
1657 1255 1709 1298 ad

486 1322 627 1358 alteras
649 1331 776 1372 partes
798 1317 1030 1357 constitutus
1044 1350 1055 1367 ,
1082 1316 1235 1355 dicetur
1258 1316 1391 1355 radius
1411 1314 1530 1355 medii
1550 1312 1673 1353 monis
1692 1329 1704 1353 :

487 1383 527 1417 δε
546 1374 707 1414 tandem
730 1374 771 1413 in
792 1373 869 1412 fine
886 1406 897 1424 ,
918 1375 1051 1412 radius
1063 1375 1230 1428 perfeei‘i
1250 1371 1383 1410 mottsss.

543 1430 669 1484 Qxbd
691 1430 716 1468 fi
739 1429 867 1469 radius
891 1429 970 1483 ipse
994 1429 1035 1469 in
1056 1430 1303 1482 quacumque
1323 1426 1516 1481 pofitione
1539 1425 1709 1479 produci.

484 1487 732 1540 intelligatur
742 1486 928 1539 utrinque
939 1485 1129 1540 quantum
1141 1485 1299 1524 libuerit
1310 1484 1430 1523 etiam
1442 1495 1552 1522 extra
1563 1494 1707 1533 rotam,

430 1578 435 1583 .
485 1544 592 1583 idern
606 1543 759 1582 dicetur
778 1542 882 1581 linea
896 1542 1103 1596 principii,
1127 1541 1271 1591 medii,
1288 1543 1351 1581 vel
1374 1537 1539 1594 perfecti
1562 1537 1706 1579 motus.

539 1602 625 1643 Jam
639 1600 683 1638 in
696 1598 800 1637 linea
816 1598 1002 1652 principii
1015 1597 1142 1638 motus
1156 1596 1362 1638 indefinite
1376 1595 1562 1651 produt&
1574 1594 1708 1635 versus

483 1656 591 1696 viam
611 1668 705 1695 rotae
725 1655 970 1709 intelligatur
997 1655 1191 1709 sumptum
1214 1653 1494 1709 quodcumque
1518 1653 1707 1706 pun&um

483 1727 622 1766 praeter
643 1724 824 1751 centrum
839 1743 849 1758 ,
863 1725 981 1765 atque
1001 1712 1103 1751 inter
1120 1712 1245 1767 ipsum
1259 1723 1441 1751 centrum
1455 1708 1586 1750 versus
1600 1709 1707 1748 viam

484 1782 578 1808 rota:
594 1803 604 1819 ‚
636 1769 755 1808 etiam
779 1768 821 1807 in
843 1768 981 1808 eadem
1005 1769 1069 1809 via
1089 1782 1156 1808 aut
1178 1767 1302 1818 ultra,
1324 1768 1430 1818 cujus
1456 1765 1589 1820 puncti
1615 1779 1705 1804 mo-

485 1838 544 1865 tus
571 1826 762 1880 spec'tetur
783 1843 791 1864 ε
815 1824 881 1863 fiet
903 1825 1120 1865 necessario
1141 1839 1184 1865 ut
1205 1837 1363 1878 propter
1389 1821 1708 1876 implicationem

484 1882 614 1922 motus
635 1881 838 1921 circularis
864 1896 955 1920 cum
983 1884 1088 1921 recto
1111 1916 1121 1932 ,
1146 1882 1269 1936 ipsum
1293 1881 1481 1934 punitum
1511 1877 1706 1918 describat

485 1938 631 1979 lineam
648 1938 821 1992 aliquam
835 1971 845 1988 ,
867 1938 972 1989 cujus
996 1939 1127 1992 portio
1148 1936 1326 1992 quaedam
1349 1936 1396 1975 ab
1416 1936 1493 1976 una
1512 1947 1620 1990 parte
1635 1934 1704 1974 iti-

486 1996 590 2035 neris
612 1995 740 2035 centri
761 2028 772 2045 ‚
798 1995 919 2033 altera
948 2008 1078 2034 autem
1101 1995 1232 2049 portio
1255 1993 1303 2033 ab
1331 1993 1452 2032 altera
1484 2005 1594 2046 parte
1619 1989 1704 2029 exi-

489 2052 559 2091 stat
578 2072 586 2096 ς
615 2067 660 2091 ea
683 2064 813 2091 autem
834 2050 999 2104 incipiet
1018 2051 1060 2090 in
1088 2053 1190 2092 linea
1210 2049 1397 2105 principii
1420 2047 1546 2089 motfis
1560 2081 1572 2098 ,
1598 2054 1639 2088 &
1661 2046 1705 2087 in

488 2107 591 2146 linea
612 2107 776 2163 perfeeti
791 2106 919 2149 motus
942 2107 1101 2149 definet.
1132 2111 1309 2152 vocetur
1327 2107 1411 2149 haec
1432 2104 1675 2148 Trochoides..
