1915 2663
779 187 859 224 443

377 264 557 318 Pauperis
579 261 626 312 cst
645 275 841 301 numerare
859 274 985 317 pecus,

213 344 290 387 Sed
313 345 362 385 de
386 345 497 386 vobis
511 347 621 400 plura
637 344 766 400 postca
780 364 787 386 :
803 361 907 385 nunc
926 345 975 385 ‘de
994 344 1301 385 Indivisibilibus
1316 378 1325 395 ‚
1339 360 1436 399 quo-

209 402 320 442 niam
347 403 412 441 illa
435 401 484 441 ad
509 417 592 442 rem
615 401 790 454 faciunt,
819 403 1007 442 dicamus.
1043 404 1115 442 Illa
1138 416 1258 456 ergo,
1275 417 1324 442 an
1344 416 1434 441 ante

211 473 284 498 nos
309 459 548 499 Clarissimus
568 460 812 501 Cavallcrius
830 460 1051 510 invenerit,
1074 459 1230 500 nescio:
1254 458 1360 498 certe
1382 459 1432 498 il-

205 514 280 554 lud
305 515 408 565 scio,
437 532 500 556 me
522 517 681 571 integro
704 517 980 570 quinquennio
1003 529 1216 570 antequam
1237 516 1279 555 in
1305 518 1434 555 lucem

207 572 403 622 emiserit,
431 588 476 613 ea
506 572 686 613 doctrina
711 573 821 612 usum
849 571 999 612 fuisse
989 588 1030 612 in
1054 572 1251 612 solvendis
1273 573 1430 622 multis,

208 627 334 683 iisque
364 627 478 684 plane
505 629 634 670 arduis
660 629 1002 692 propositionibus
1046 633 1270 679 Attamen,
1300 629 1432 668 abfiste

203 687 382 730 moveri;
405 701 480 741 ego
505 699 618 726 tanto
639 701 749 735 vim,
772 698 890 724 tantae
914 701 957 725 ac
982 700 1062 726 tam
1082 686 1254 726 sublimis
1281 685 1432 725 doetri-

203 757 264 782 nae
286 743 564 783 inventionem
589 758 670 782 non
693 742 882 796 eripiam,
905 758 977 782 nec
1003 741 1176 797 poffum;
1204 757 1276 782 nec
1298 743 1323 781 s1
1342 744 1431 796 pos-

203 798 474 848 fim,f1ciam.
515 801 588 840 Ille
611 799 718 853 prior
737 799 919 853 vulgavit
940 818 947 838 :
973 800 1062 848 ille,
1088 800 1166 837 hoc
1190 799 1296 850 jure,
1324 799 1431 838 suam

202 853 334 896 fecit:
358 856 448 907 ille,
471 856 582 895 hoc
573 870 681 907 Jure,
716 856 861 895 habeat
879 870 998 918 atque
1020 854 1236 910 poffideat:
1264 855 1333 894 ille
1348 868 1432 895 tan-

196 910 320 961 dem,
346 913 425 952 hoc
455 913 559 964 jure,
585 913 805 953 inventoris
833 927 996 952 nomine
1025 911 1207 966 gaudeat.
1254 911 1366 951 Abfit
1387 925 1432 951 ut

201 967 246 1008 in
272 969 490 1022 posterum,
513 968 622 1023 quod
642 985 715 1009 nce
741 968 846 1023 ptius
869 967 972 1019 feci,
993 969 1034 1008 in
1059 969 1130 1007 tali
1150 971 1287 1019 causa,
1312 969 1431 1007 inter-

201 1024 363 1066 cessoris
387 1025 546 1065 ridiculi
557 1027 819 1089 provinciam
840 1026 941 1065 mihi
961 1003 1190 1079 iuicipiaim
1217 1024 1430 1079 praesertim

201 1097 295 1122 cum
318 1081 562 1137 nequidem
554 1096 658 1123 inter
680 1083 828 1126 amicos
852 1083 1067 1137 quicquam
1090 1096 1268 1144 unquam
1289 1081 1338 1121 de
1359 1082 1431 1121 tali

197 1138 386 1179 vdoarina
406 1139 676 1194 vulgaverun,
702 1155 822 1194 quam
841 1154 970 1194 neque
988 1139 1134 1193 publici
1158 1153 1251 1201 juris
1275 1136 1429 1185 face1·‚e

200 1196 277 1238 nifi
299 1197 384 1250 post
400 1197 558 1258 aliquot
576 1212 699 1236 annos
714 1230 724 1247 ,
737 1196 901 1248 juvenili
917 1196 1091 1259 quodam
1108 1195 1187 1234 mei
1199 1195 1313 1249 ipfius
1325 1210 1432 1235 arno-

203 1267 269 1302 re‚
292 1249 559 1293 decreveram.
593 1255 757 1308 Qlippe
778 1253 1006 1308 sperabam
997 1252 1180 1302 interim,
1198 1249 1286 1291 fore
1307 1265 1350 1291 ut
1369 1253 1431 1291 so-

203 1310 359 1349 lutione
394 1325 477 1363 qua
451 1310 653 1349 stionum
686 1325 780 1364 quas
805 1309 988 1363 quotidie
1024 1311 1135 1350 nullo
1165 1308 1332 1363 negotio
1361 1308 1433 1348 tali

201 1365 466 1407 instrumento
498 1366 651 1418 adjutus
677 1367 915 1419 vulgabam‚
938 1365 1126 1406 ἀοᾶτὶηκ
1147 1364 1294 1404 famam
1312 1364 1432 1404 facile

198 1423 466 1478 consequerer
491 1442 501 1486 ².
529 1438 658 1478 neque
682 1421 770 1462 sane
789 1423 872 1462 haec
893 1425 974 1477 spes
1003 1437 1050 1462 ex
1073 1434 1162 1461 toto
1187 1436 1250 1461 me
1273 1419 1432 1461 fefellit.

206 1480 418 1533 Postquam
441 1479 547 1519 enim
570 1480 727 1533 ingenti
747 1479 888 1518 ardore
915 1478 1137 1518 dostrinam
1162 1478 1285 1532 ipsam
1313 1492 1435 1517 exco-

202 1536 385 1586 1uiffem,
409 1536 655 1590 eandemque
681 1535 730 1574 ad
756 1537 923 1589 Ρυῃᾶει,
951 1534 1002 1574 ad
1026 1535 1173 1580 lineas,
1202 1533 1252 1572 ad
1274 1533 1432 1586 superfi-

203 1592 307 1643 cies,
329 1592 379 1632 ad
402 1594 593 1648 angulos,
621 1591 671 1631 ad
694 1591 818 1631 solida
847 1589 1061 1645 praecipue,
1089 1589 1289 1644 postremb
1312 1603 1354 1629 e?
1358 1605 1436 1629 iam

205 1649 258 1690 ad
280 1664 465 1689 numeros
455 1626 772 1699 DextendissQem
796 1647 903 1688 haud
924 1647 1002 1687 fuit
1023 1646 1185 1686 difficile
1216 1661 1260 1685 ea
1290 1646 1434 1700 exequi

204 1719 367 1761 ptoptet
393 1722 478 1760 quse
506 1706 625 1746 amici
658 1707 907 1754 laetarentur,
937 1704 1065 1745 invidi
1084 1703 1433 1758 disiumperentur.

208 1763 447 1804 Exultabam
468 1776 563 1818 ergo
585 1761 756 1802 nimium
776 1738 1028 1814 juveniliter,
1052 1776 1097 1800 ac
1120 1773 1233 1799 tanto
1258 1759 1433 1814 diligen-

207 1818 284 1859 tius
303 1819 526 1860 dod-{trinam
551 1820 674 1875 ipsam
693 1819 932 1862 reticebam
948 1818 1090 1872 dignus
1113 1815 1257 1872 plane
1247 1832 1290 1856 in
1315 1830 1434 1871 quem

207 1875 331 1916 Po'eta
348 1877 517 1928 dixerit,

455 1963 659 2017 Necferre
679 1961 792 2000 videt
800 1963 877 2015 fita
889 1960 1037 2014 gaudia
1056 1971 1218 2003 ventos,

207 2046 283 2101 -qui
307 2046 460 2086 detecta
486 2046 571 2085 auri
596 2044 737 2085 -fodina
758 2044 962 2096 ditissima,
982 2043 1077 2084 dum
1101 2056 1224 2097 grana
1252 2039 1435 2095 quaedam

205 2118 260 2147 ex
280 2118 326 2146 ea
355 2103 542 2159 decerpta
577 2102 757 2152 ostento,
781 2115 824 2142 ut
846 2117 894 2143 ex
915 2077 1169 2197 divitibuiale
1178 2098 1320 2194 kbeatis
1343 2097 1435 2152 qui-

754 2172 758 2176 .
1232 2168 1259 2207 υ
