1915 2663
180 232 306 285 genio
326 230 554 284 scripsimus.
584 230 672 279 Tu,
698 244 786 268 cum
815 228 1102 284 magnif1ceres
1131 243 1290 282 centra,
1309 233 1404 286 quia

179 301 228 326 cx
248 288 297 327 iis
329 287 451 326 solidi
483 284 677 325 deducere
708 285 813 340 posse
843 263 1069 326 covnfidcbas
1091 286 1248 336 ,solida
1271 301 1404 328 autem

180 343 419 398 praeeipueit
413 342 652 387 tendebas,
670 342 761 382 ideo
783 356 1012 383 centrorum
1027 343 1303 384 inventionem
1323 359 1404 384 ma-

181 400 328 453 gnifice
348 415 411 438 ex
405 399 540 450 ulisti,
564 414 636 439 nec
659 400 807 439 cacteris
823 400 1155 454 posthabendam,
1168 400 1293 440 immo
1304 415 1404 455 pra:-

179 455 375 496 habenda
383 472 402 494 ι
423 456 490 506 ju‹·.
480 455 614 497 'iecisti
662 459 745 511 Ego
778 456 916 496 contra
928 457 1054 511 ,quia
1079 457 1156 496 fine
1176 457 1320 497 centris
1341 458 1404 497 so-

175 511 257 551 lida
288 521 360 554 δε
365 513 508 566 uaefivi
530 521 569 555 δε
593 512 657 554 via
680 513 936 553 Geometrica
961 513 1120 557 inveni,
1147 513 1248 553 datis
1271 527 1403 555 autem

177 568 312 609 solidis
339 603 349 619 ‚
386 569 540 620 statim,
571 578 611 611 δε
637 570 779 624 absque
809 569 944 610 labore
971 582 1108 610 centra
1131 570 1402 625 sequebantur.

179 624 280 665 Ideo
311 639 446 665 centra
478 641 526 665 ne
544 626 707 689 respexi
731 625 915 689 quidem,
940 641 1069 681 neque
1091 625 1140 666 ad
1159 642 1204 666 ea
1227 642 1407 682 unquam

179 682 356 724 animum
381 686 469 737 appl
475 682 585 727 icui;
610 695 737 722 certus
767 683 936 722 omnino
967 698 1014 722 ex
1046 682 1237 739 praemiss'a
1270 685 1402 724 nostra.

177 739 398 802 methodo,
421 740 514 779 dato
537 741 656 793 plano
679 738 820 792 quod
814 738 958 779 {udum
982 739 1199 790 habebam,
1218 740 1295 780 sola
1315 740 1401 780 soli-

176 795 225 835 da
258 812 321 835 m
330 797 356 835 i
391 794 600 849 quaerenda
624 795 836 849 superesse,
863 809 999 835 centra
1025 809 1157 836 autern
1184 796 1291 835 simul
1309 811 1402 837 cum

173 853 329 906 plano
322 861 355 876 ⁹
351 853 508 892 solidis
531 852 679 892 haberi.
711 851 838 908 Quod
857 852 883 890 sl
904 854 1078 907 apologo
1090 866 1150 891 uti
1164 852 1304 893 liceat
1322 867 1398 907 ego

174 908 243 948 sim
267 909 407 963 ‘Esopi
434 909 539 949 illius
576 909 740 962 Phrygis
773 909 1007 949 statuarius.
1037 908 1145 963 plani
1177 909 1399 949 trochoidis

174 966 292 1004 mens
287 982 353 1005 um
367 966 478 1014 ,esto
501 965 602 1005 mihi
625 965 765 1005 summi
781 966 888 1009 Jovis
904 966 1026 1005 statua
1039 966 1240 1016 ,mensura
1261 965 1398 1017 solidi,

174 1021 296 1061 status.
329 1023 506 1076 J‘eptuni
522 1043 533 1067 ·‚·
555 1036 735 1062 centrum
767 1036 921 1072 autern,
943 1022 1023 1061 esto
1046 1023 1168 1061 statua
1191 1023 1398 1064 Mercurii.

173 1079 264 1122 Jam
286 1080 380 1118 adin:
404 1079 516 1118 nobis
536 1077 556 1118 ὲ·
577 1080 679 1118 coelo
705 1078 770 1118 sub
795 1077 925 1118 forma
944 1078 1118 1118 hominis
1141 1078 1272 1133 ignoti
1290 1081 1399 1120 Mer-

171 1136 303 1175 curius
329 1136 408 1189 ipse
420 1168 431 1185 ‚
455 1136 562 1179 Jovis
577 1144 616 1178 δε
633 1136 753 1176 Maiae
766 1135 867 1176 filius
881 1156 889 1180 ;
905 1136 1205 1191 interrogetque
1217 1169 1228 1186 ‚
1241 1138 1400 1191 Qlanti

173 1191 297 1231 statua
322 1193 456 1235 jovis?
484 1192 675 1232 Indicabo
701 1191 789 1232 sane
812 1207 888 1247 ego
909 1193 1070 1245 alicujus
1094 1193 1222 1247 pretii.
1266 1195 1398 1233 Inter-

172 1262 288 1302 roget
306 1248 451 1288 deinde
473 1249 523 1288 de
543 1250 666 1289 statua
686 1250 869 1304 Neptuni
892 1268 899 1289 :
928 1265 1004 1304 ego
1028 1258 1068 1292 &
1090 1250 1213 1304 ipsam
1233 1249 1400 1301 alicujus

170 1306 295 1358 precii
317 1305 518 1346 indicabo.
547 1305 730 1346 Tandem
758 1307 979 1360 interroget
995 1305 1045 1346 de
1066 1306 1132 1346 sua
1151 1306 1265 1360 ipsius
1288 1307 1397 1346 Mer-

170 1362 272 1401 curii
299 1363 419 1402 statua
434 1395 445 1413 ‚
460 1362 557 1417 quid.
583 1377 658 1417 ego
674 1375 684 1404 ξ
707 1362 804 1417 quid
818 1376 949 1402 autern
962 1362 1069 1402 aliud
1083 1361 1155 1402 nifi
1166 1364 1243 1402 hoe
1258 1375 1269 1402 ?
1287 1364 1397 1402 Ami-

170 1432 240 1468 ce,
265 1419 289 1457 fi
311 1419 460 1473 priores
484 1420 568 1459 illas
592 1419 687 1459 duas
711 1419 873 1469 emeris,
896 1432 980 1459 tum
1007 1418 1165 1458 tertiam
1190 1419 1294 1458 hanc
1327 1434 1398 1458 au-

172 1475 337 1515 &arium
365 1476 437 1515 tibi
457 1476 572 1517 dabo.
607 1479 768 1530 Itaque,
789 1476 863 1515 Vir
885 1475 1105 1515 Clariffime
1118 1490 1229 1528 ‚quae
1245 1475 1398 1519 t1b1Jo-

173 1531 232 1570 vis
255 1545 322 1571 aut
343 1532 525 1587 Neptuni
546 1533 668 1572 statua
689 1531 833 1571 merito
851 1530 951 1581 fuit,
975 1532 1042 1570 illa
1064 1531 1176 1570 nobis
1200 1531 1405 1585 Mercurii*

173 1586 329 1628 tantum
351 1589 472 1629 statua
495 1590 638 1629 extitit.
686 1589 873 1643 Ignosce,
898 1588 923 1626 fi
943 1589 1096 1641 placet,
1118 1584 1235 1641 sty103
1255 1588 1331 1626 hoc
1343 1587 1398 1626 usi

175 1643 304 1684 sumus
322 1658 366 1684 ut
388 1658 562 1685 mentem
585 1645 757 1685 nostram
777 1644 1028 1699 aperiremus.
1064 1645 1128 1683 De
1146 1645 1196 1684 R.
1219 1644 1259 1682 P.
1281 1644 1398 1683 Mer-

172 1701 321 1752 senno,
346 1702 443 1756 quid
464 1701 687 1756 scripserit
678 1716 721 1741 in
744 1717 789 1741 ea
811 1701 974 1756 epistola
997 1701 1104 1751 cujus
1127 1698 1246 1739 verba
1278 1700 1396 1740 toties

173 1759 340 1812 repetita
368 1772 508 1799 contra
539 1774 603 1799 me
626 1758 811 1808 adducis,
844 1757 975 1797 nescio
1001 1778 1009 1798 :
1045 1755 1142 1811 quid
1170 1769 1300 1796 autem
1335 1757 1397 1796 illi

176 1813 346 1855 dixerim
368 1831 443 1871 ego
471 1815 585 1871 plane
612 1816 842 1865 memmini,
863 1830 936 1854 nec
958 1815 1039 1870 ipse
1061 1813 1229 1853 omnino
1252 1812 1398 1853 oblitus

177 1870 251 1917 est;
275 1887 348 1912 nec
375 1874 497 1914 etiam
521 1873 591 1912 illa
618 1888 707 1927 quae
736 1872 821 1912 dixi
844 1871 946 1911 male
974 1883 1202 1924 congruunt
1229 1884 1318 1909 cum
1348 1869 1397 1909 iis

178 1942 278 1981 quae
285 1928 415 1982 saepius
438 1945 509 1984 pro
531 1943 570 1970 te
590 1930 727 1970 citasti.
765 1927 841 1969 Sed
864 1944 1018 1979 rursus,
1040 1943 1111 1967 nos
1126 1941 1173 1966 ex
1183 1939 1315 1966 mente
1328 1941 1398 1965 no

178 1984 254 2024 stra
274 1985 398 2024 locuti
418 1986 566 2031 sumus;
589 1987 654 2026 ille
669 2020 678 2036 ‚
699 1999 742 2026 ut
762 1985 982 2036 intellexit,
1005 1985 1053 2024 fic
1078 1984 1246 2038 scripsit:
1264 1998 1334 2023 vos
1352 1997 1400 2022 ex

180 2054 312 2081 mente
332 2041 456 2082 vestra
479 2043 729 2096 interpretati
751 2042 858 2086 estis;
881 2057 926 2082 ac
943 2044 1012 2083 illa
1023 2041 1148 2082 vestra
1163 2041 1401 2094 interpreta-

179 2098 238 2147 tio
260 2098 282 2139 a
303 2099 434 2141 nostra.
454 2112 587 2141 mente
607 2099 836 2141 alieniffima
858 2100 922 2141 est.
963 2098 1319 2194 Omnibtlidsfianien
1339 2108 1417 2145 atas

1219 2167 1261 2198 ιι]
