1915 2663
500 163 580 196 206
650 154 726 192 DE
757 153 1162 194 Resozorxonr„
1193 152 1616 204 AEQUATJON‘UM.

500 215 803 267 emendatione,
835 232 880 256 ac
916 215 1107 271 praecipue
1129 217 1257 271 capite
1277 218 1348 257 1110
1371 234 1450 272 quo
1476 219 1688 271 aequatioi
1663 218 1714 260 fic

500 272 751 312 transmutari
774 274 920 326 potest,
941 287 984 312 ut
1004 273 1228 313 coefficiens
1249 274 1293 312 fit
1315 289 1399 328 quae
1422 274 1712 328 praescribitur:

500 328 688 368 statuatur
702 328 811 367 enim
820 328 1045 367 coefficiens
1057 329 1207 373 unitas,
1219 343 1303 369 tum
1318 331 1415 371 vero
1428 330 1595 370 solidum
1610 346 1717 372 com-

497 384 717 439 putationis
749 384 824 423 erit
846 384 965 423 cubus
990 383 1130 437 aliquis
1152 384 1218 423 suo
1238 387 1360 426 latere
1381 389 1511 427 31161115
1533 389 1597 426 vel
1613 389 1717 427 mul-

496 443 623 481 &atus
649 459 657 481 :
687 454 826 480 caetera
847 442 963 495 plana
987 440 1094 490 sunt,
1113 439 1217 479 unde
1240 442 1343 482 nihil
1360 444 1462 483 ultra
1481 443 1681 484 addemus.

556 498 651 538 Hoc
673 499 854 552 exemplo
875 497 962 536 satis
983 495 1269 537 declaravimus
1294 498 1391 552 quid
1418 500 1638 553 requiratur
1667 500 1718 541 ad

500 555 580 593 hoc
603 567 645 593 ut
666 555 868 608 problema
892 552 1055 607 aliquod
1078 553 1374 593 arithmeticum
1393 554 1642 597 arithmetice
1655 558 1718 596 so-

502 612 631 650 lutum
661 610 741 650 dici
770 610 911 664 possit.
945 625 1022 664 qua
1050 608 1100 649 de
1123 625 1164 649 re
1191 611 1308 650 tantis
1340 612 1520 665 operibus
1552 626 1718 665 egerunt

502 667 621 706 Vieta
635 700 645 717 ,
668 667 874 707 Car-danus
888 699 899 713 ‚
922 666 1160 707 Bombellius
1174 699 1184 716 ‚
1200 667 1378 706 Tartalia
1390 701 1399 717 ,
1418 675 1458 709 86
1475 668 1543 707 alii
1556 668 1718 721 quidam

499 723 667 763 illustres
690 724 877 777 praeteriti
896 723 1022 762 saeculi
1042 723 1139 773 viri,
1159 724 1261 761 inter
1283 738 1380 777 quos
1399 723 1517 778 longe
1534 725 1721 764 excelluit

502 779 582 832 ipsc
606 780 746 830 Vieta,
771 779 865 819 dum
883 780 1023 819 talium
1045 779 1332 834 problematum
1361 781 1620 831 solutionem,
1637 796 1720 820 non

495 834 667 888 *quidem
687 836 922 890 singularem
951 850 1021 889 pro
1056 836 1213 889 singulis
1242 837 1519 889 problematis,
1543 837 1607 875 sed
1629 837 1721 876 uni-

495 892 693 931 «versalem
716 907 786 945 pro
804 892 979 945 qualibet
999 892 1125 945 specie
1149 892 1459 946 problematum,
1484 908 1551 947 per
1575 892 1718 947 species

493 946 554 989 ,acl
574 947 649 986 id
636 964 657 987 a
680 947 716 986 se
743 961 924 987 inventas
948 947 1161 1002 inquisivit.

560 1005 705 1058 Neque
723 1004 787 1044 abs
811 1018 852 1043 re
873 1002 994 1042 fuerit
1016 1004 1427 1057 Analystam·monere
1441 1035 1451 1053 ‚
1466 1004 1719 1056 quaestionem

504 1075 666 1099 omnem
687 1060 728 1100 111
750 1060 923 1099 numeris
945 1059 1180 1114 propositam
1193 1093 1203 1110 ,
1223 1060 1265 1099 10
1287 1075 1364 1113 qua
1376 1074 1423 1098 ex
1443 1058 1543 1098 datis
1562 1061 1719 1114 quibus-

494 1115 596 1156 ·dam
619 1117 813 1166 numeris,
835 1117 931 1156 alius
954 1116 1095 1169 aliquis
1116 1131 1298 1155 numerus
1311 1115 1720 1169 quaeritursecundsim

501 1174 609 1225 leges
629 1172 815 1226 quasdam
834 1173 875 1211 in
897 1171 1035 1211 eadem
1055 1172 1266 1225 quaestione
1287 1172 1523 1225 praescriptas
1537 1205 1547 1221 ,
1572 1172 1720 1227 semperr

503 1228 580 1267 esse
602 1229 855 1282 quaestionem
878 1229 1133 1283 singularem3
1152 1241 1270 1282 atque
1281 1227 1429 1266 etiamfi
1440 1229 1509 1266 illa
1522 1227 1570 1266 ad
1587 1244 1718 1283 aequa-

502 1284 657 1325 tionem
690 1285 928 1339 analyticam
958 1297 1144 1325 revocata
1163 1318 1173 1334 ,
1200 1283 1507 1338 adaequationes
1534 1285 1690 1325 cubicas
1708 1319 1719 1336 ‚

504 1353 572 1379 aut
595 1341 644 1380 ad
675 1342 834 1380 altiores
859 1341 1056 1395 pertinere
1081 1340 1261 1380 videatur
1286 1359 1293 1379 :
1317 1353 1448 1379 tamen
1470 1355 1551 1379 11011
1574 1340 1721 1381 temere

505 1397 634 1436 statim
656 1397 992 1451 pronuntiandum
1018 1396 1093 1435 effe
1107 1429 1117 1446 ‚
1143 1399 1262 1437 talem
1279 1396 1532 1450 quaestionem
1556 1396 1722 1437 solidam

502 1451 581 1491 esse
604 1466 670 1493 aut
692 1455 905 1504 linearem,
926 1452 1121 1507 saepiffime
1145 1453 1252 1493 enim
1272 1452 1440 1502 accidit,
1461 1465 1504 1491 ut
1526 1452 1593 1492 illa
1605 1454 1721 1493 viiu-

501 1507 701 1549 duelionis
719 1511 858 1563 logicae
881 1512 997 1564 plana
1019 1510 1083 1554 fit,
1105 1508 1197 1548 dico
1226 1509 1268 1549 vi
1288 1508 1527 1548 induetionis
1555 1510 1720 1562 logicae

502 1565 662 1618 quoties
693 1566 842 1605 scilicet
873 1566 1015 1606 solutio
1038 1565 1142 1605 illius
1170 1565 1318 1605 datur
1309 1580 1350 1604 10
1371 1565 1543 1604 numeris
1566 1567 1634 1618 qui
1659 1568 1723 1605 lo-

504 1621 594 1675 gica
615 1620 877 1661 1001οἂ10110
869 1622 987 1672 mita,
1010 1620 1225 1661 necessario
1251 1622 1509 1674 reperiuntur.
1543 1624 1597 1661 Ut
1620 1621 1722 1661 fiex*

503 1677 634 1730 perias
663 1692 758 1717 num
780 1679 950 1733 aequatio
976 1679 1108 1732 aliqua
1130 1677 1179 1717 de
1203 1677 1354 1717 unitate
1374 1677 1418 1715 fit
1442 1677 1720 1731 explicabiliss,

498 1730 600 1772 'num
618 1733 667 1772 de
689 1734 870 1784 binario,
891 1749 985 1774 num
1004 1733 1054 1773 de
1076 1734 1272 1783 ternario,
1284 1732 1333 1772 de
1347 1734 1598 1786 quaternario
1616 1734 1722 1786 ,qui-

504 1789 617 1829 nario
643 1822 653 1839 ,
675 1788 857 1836 senario,
881 1798 956 1831 &a
983 1805 1111 1843 neque
1133 1790 1240 1828 enim
1260 1790 1302 1828 in
1322 1788 1521 1827 infinitum
1541 1789 1622 1827 abit
1642 1791 1721 1828 tale

503 1846 816 1899 experimentum
829 1878 839 1895 ,
857 1845 1181 1899 quandoquidem
1195 1877 1204 1894 ‚
1219 1859 1266 1884 ex
1289 1844 1465 1898 hypotefi
1479 1878 1489 1894 ,
1507 1845 1659 1884 numeri
1677 1846 1720 1885 in

500 1901 582 1955 ipsa
606 1902 826 1955 aequatione
849 1900 1008 1955 expreffi
1030 1900 1137 1947 sunt,
1162 1901 1231 1954 qui
1253 1899 1425 1940 radicem
1448 1900 1644 1954 quaesitam
1655 1901 1719 1940 in-

493 1969 561 1996 *tra
579 1971 706 1997 certos
728 1973 771 1997 ae
795 1957 1005 2012 praefinitos
1028 1958 1218 1997 terminos
1248 1970 1445 1996 coercent.
1482 1960 1562 1995 Aut
1575 1957 1598 1995 fi
1611 1958 1716 1996 certi

501 2014 632 2067 aliqua
650 2015 872 2063 0011106111ῑᾶ
894 2012 1224 2067 deprehenderim
1245 2013 1354 2052 illam
1368 2046 1378 2061 ,
1401 2028 1482 2052 non
1497 2011 1546 2050 de
1560 2012 1715 2065 integro

500 2085 685 2122 numere,
716 2071 780 2113 sed
801 2070 850 2112 de
873 2069 997 2111 fraito
1018 2070 1294 2125 explicabilem
1317 2069 1417 2117 effe,
1435 2068 1543 2119 eujus
1563 2068 1716 2108 numeri
