1915 2663
455 119 533 163 164
588 111 662 150 DE
693 108 764 149 RE
782 106 917 148 εσυ]
935 122 961 149 τ
979 121 1107 150 1012?ss
1141 105 1565 159 AEQUAT1oNuxr;“

450 171 577 227 peritis
598 171 794 225 descripti.
829 174 1009 211 Ducatur
1021 173 1127 211 enim
1142 173 1189 211 ab
1207 172 1286 223 ejus
1303 185 1440 211 centro
1455 174 1482 211 B
1497 171 1545 211 ad
1558 171 1673 211 illius·

451 225 813 266 circumferentiam
839 242 886 266 ex
904 240 1069 281 utraque
1089 241 1221 282 parte,
1245 242 1486 281 quaecunque
1511 227 1665 267 diame-

451 296 510 321 ter
535 284 642 321 LBO
656 317 667 333 ,
692 283 734 321 in
761 298 837 336 qua
862 282 1072 335 producta,
1091 285 1117 322 fi
1141 297 1236 338 opus
1250 284 1294 323 fit
1315 317 1325 334 ,
1346 284 1569 324 inveniatur
1586 285 1666 323 tale.

450 339 639 391 punctum
660 341 696 377 V
710 370 721 387 ,
741 351 785 376 ut
803 337 918 376 duera
940 340 1043 377 reeta
1055 342 1131 378 AV
1147 340 1189 378 fit
1206 339 1254 378 ad
1277 343 1351 380 VL
1365 340 1407 379 in
1428 340 1582 379 ratione
1602 354 1666 379 re-

452 392 656 432 frafflonis
669 426 679 443 ‚
699 392 762 432 sed
778 392 799 432 ἒι
814 408 901 433 raro
918 392 967 433 ad
982 393 1165 438 densum3
1185 395 1249 444 (in
1267 396 1388 448 priori
1407 396 1667 435 constructio-³

449 464 501 488 ne
514 481 525 498 ‚
539 451 612 488 EX
625 449 675 488 ad
689 451 750 489 XI
765 449 934 489 habebat
949 449 1113 489 eandem
1138 450 1334 490 rationem
1348 483 1358 500 ,
1373 450 1437 490 sed
1448 451 1642 491 inversam
1653 485 1668 501 ,

453 506 598 559 quippe
619 505 640 544 a
661 505 782 544 denso
806 505 855 545 ad
877 511 1030 555 rarum)
1059 506 1108 545 fic
1139 506 1247 545 enim
1269 505 1396 546 rursus
1421 509 1607 560 punctum
1627 511 1666 548 V

453 562 529 600 erit
551 560 599 600 ad
618 560 783 601 eandem
810 564 977 602 ovalem.
1011 562 1138 602 Simili
1151 561 1271 602 modo
1285 596 1295 612 ,
1312 562 1337 601 fi
1358 562 1399 601 in
1422 561 1560 602 eadem
1581 562 1670 602 dia-

452 631 580 656 metro
609 620 715 658 LEO
736 618 925 672 produci-fi
954 619 979 657 fi
1009 634 1104 673 opus
1130 618 1174 657 fit
1187 652 1198 669 ,
1226 619 1452 659 inveniatur
1484 620 1670 672 punilum

453 673 560 713 aliud
582 691 628 725 4,
650 675 765 713 itaut
789 674 905 714 ducta
926 677 1030 714 resta
1047 678 1123 727 A4
1145 675 1187 714 fit
1215 674 1265 714 ad
1285 677 1361 726 40
1383 675 1424 714 in
1447 674 1584 714 cadem
1607 690 1669 715 ra-

454 731 564 769 tione
587 728 834 770 refraffionis
858 731 879 770 Ξι
897 746 985 770 raro
1011 730 1060 770 ad
1078 730 1239 770 densum
1256 744 1299 770 ut
1317 733 1393 770 AV
1409 731 1458 770 ad
1475 733 1547 771 VL
1562 763 1572 777 ‚
1594 731 1670 772 five

452 799 495 825 ut
518 785 581 825 FE
597 785 646 825 ad
660 789 722 826 ΕΒ
736 820 746 837 ,
761 788 836 826 erit
847 789 1034 841 punctum
1048 805 1073 839 4
1085 787 1135 827 ad
1152 789 1319 828 ovalem.
1348 786 1474 840 Qiod
1489 787 1514 825 fi
1526 786 1671 826 ducan-

452 854 515 881 tur
537 842 621 881 aliae
636 856 890 896 quotcunque
907 844 1090 883 diametri
1107 859 1173 897 per
1191 856 1371 882 centrum
1395 845 1422 882 B
1436 876 1446 893 ‚
1465 842 1528 882 sed
1543 842 1672 883 diver„

452 897 498 936 sae
515 897 536 936 ἒι
555 896 750 937 diametro
773 901 880 939 LBO
898 933 909 949 ,
931 899 1022 953 puta
1037 901 1117 939 ΜΒ
1129 916 1173 940 12
1188 933 1198 950 ‚
1213 908 1288 941 &a
1303 899 1549 938 habebuntur
1572 899 1672 939 fimi*

453 954 482 992 li
503 954 792 993 construetione
814 970 1050 1008 unaquaque
1063 954 1142 994 duo
1156 957 1297 1009 puncta
1311 988 1321 1005 ,
1335 955 1426 1009 puta
1440 956 1476 996 Z
1489 988 1500 1005 ‚
1518 970 1532 995 1
1546 971 1579 1006 1,
1593 963 1670 997 &a

452 1024 497 1049 ac
517 1024 582 1063 per
595 1010 731 1049 omnia
749 1011 816 1049 illa
837 1013 978 1065 puncta
997 1011 1160 1051 ducetur
1176 1011 1319 1051 ovalis5¹

505 1067 596 1105 Nec
619 1066 835 1107 admodum
852 1067 1015 1107 difficile
1037 1069 1111 1107 erit
1128 1067 1308 1107 invenire
1323 1081 1369 1106 ex
1386 1067 1458 1107 tali
1471 1069 1675 1109 construo

455 1123 566 1162 tione
580 1136 732 1162 motum
755 1123 928 1177 aliquem
951 1125 1184 1164 continuum
1198 1124 1400 1177 quiipsam
1420 1126 1576 1163 ovalem
1592 1141 1674 1166 uno

457 1181 581 1219 tra-stu
599 1179 795 1233 perficiat3
818 1179 926 1234 quod
942 1179 1069 1220 rursus
1092 1180 1141 1219 ad
1162 1180 1407 1234 Organicam
1431 1181 1614 1234 pertinet.

515 1236 670 1275 Mirum
689 1249 820 1275 autem
842 1237 896 1276 est
917 1251 1064 1291 quanta
1092 1237 1134 1276 in
1155 1235 1342 1291 praemiss'a
1364 1237 1470 1276 ovali
1492 1238 1674 1279 locorum

458 1293 793 1345 geometricorum
816 1294 921 1347 seges
934 1327 945 1343 ,
963 1309 1035 1333 nec
1051 1293 1146 1334 vero
1162 1293 1496 1346 qualiumcunque
1508 1325 1519 1339 ‚
1538 1293 1602 1333 sed
1618 1308 1672 1334 ta-

456 1348 556 1386 lium
572 1348 639 1402 qui
654 1348 757 1388 inter
771 1350 1073 1403 elegantissimos
1099 1350 1349 1388 annumerari
1373 1349 1512 1402 possint
1538 1357 1578 1391 δε
1601 1349 1672 1390 de-

457 1403 585 1444 beant.
628 1405 755 1443 Lubet
778 1419 873 1459 ergo
905 1420 951 1444 ex
972 1406 1202 1460 ampliffima
1219 1406 1287 1444 illa
1309 1404 1426 1444 messe
1449 1405 1569 1459 spicas
1598 1408 1673 1446 ali-

456 1474 549 1511 quas
574 1460 791 1501 selestiores
811 1474 959 1501 metere
972 1495 983 1513 ‚
997 1477 1044 1502 ex
1061 1462 1200 1517 quibus
1224 1475 1434 1516 geometrae
1454 1462 1503 1501 de
1516 1475 1598 1501 tota
1611 1464 1674 1514 ju-

454 1514 604 1555 dicium
629 1515 732 1556 ferre
757 1518 910 1571 possint.

512 1574 556 1611 In
580 1573 706 1626 prima
727 1588 823 1627 ergo
838 1573 1128 1614 constructione
1149 1573 1319 1614 diximus
1343 1576 1414 1614 ΒΧ
1440 1574 1515 1614 esse
1536 1574 1585 1614 ad
1609 1577 1673 1618 XI

454 1627 496 1667 in
514 1629 668 1668 ratione
681 1628 929 1670 refrac‘tionis
946 1630 966 1669 a
986 1629 1105 1670 denso
1119 1630 1167 1669 ad
1191 1645 1333 1670 rarum.
1368 1630 1494 1684 Quod
1511 1631 1536 1670 fi
1551 1646 1646 1686 ergo
1661 1666 1672 1683 ,

453 1683 566 1723 duih&
590 1698 791 1739 utcunque
814 1685 1105 1726 semidiametro
1125 1688 1181 1726 AI
1194 1720 1204 1736 ‚
1220 1700 1415 1740 quaeratur
1428 1687 1469 1725 in
1486 1702 1531 1726 ea
1548 1703 1674 1741 punc-

442 1752 538 1789 *tum
561 1743 601 1779 X
625 1740 733 1794 quod
758 1741 808 1780 ad
827 1744 983 1781 ovalem
1008 1742 1083 1781 effe
1110 1742 1225 1781 debet
1249 1761 1256 1781 :
1288 1740 1536 1782 manifestum
1558 1743 1672 1784 estin

453 1796 653 1850 triangulo
679 1799 773 1838 BXI
803 1798 1008 1851 (intellige
1029 1798 1184 1837 dudam
1208 1796 1282 1837 effe
1312 1800 1456 1838 regiam
1480 1801 1554 1847 BI)
1585 1798 1672 1840 dari

453 1851 571 1891 bafim
594 1855 643 1892 BI
660 1885 670 1902 ,
693 1855 881 1907 angulum
908 1856 924 1893 Ι
948 1887 958 1903 ,
983 1861 1024 1895 δε
1055 1854 1250 1893 rationem
1284 1856 1450 1894 laterum
1470 1857 1567 1904 ΒΧ,
1585 1858 1667 1897 XI..

454 1908 564 1962 Quia
579 1909 697 1948 etiam
710 1909 873 1949 infinita:
888 1911 974 1949 sunt
986 1910 1287 1950 semi-diametri
1302 1944 1312 1960 ,
1332 1911 1423 1965 puta
1440 1913 1499 1962 A3
1514 1927 1546 1962 ς,
1562 1913 1667 1962 AH,

455 1971 532 2004 δίε.
561 1964 811 2005 manifestum
839 1966 892 2005 est
920 1981 1078 2020 quoque
1095 1966 1251 2006 infinita
1267 1965 1343 2006 esse
1360 1967 1454 2006 talia
1472 1967 1672 2020 triangula.

456 2020 485 2061 B
507 2036 553 2060 10
572 2037 617 2075 35
633 2054 645 2073 ,
661 2024 778 2064 BVH
792 2055 802 2074 ,
819 2030 896 2065 &c-.
908 2023 951 2064 in
968 2023 1108 2078 quibus
1125 2023 1306 2066 omnibus
1320 2024 1413 2065 bafis
1425 2022 1581 2065 dataest
1593 2023 1669 2065 una
