1915 2663
441 153 517 190 194
564 138 638 176 DE
670 136 1069 174 Rnsomnom
1105 132 1526 182 AEQUATIONUM.

437 210 598 252 qumque
616 196 718 233 hanc
732 195 935 234 materiam
949 226 960 242 ,
974 207 1091 247 atque
1109 193 1207 233 adeo
1229 206 1355 232 totam
1377 190 1654 232 Geometriam

438 251 608 293 maxim&
630 250 867 290 illustrarent
889 270 896 290 :
921 249 1058 290 versslm
1077 250 1146 289 illa
1166 249 1258 289 ide-e>
1281 249 1520 303 praeterimus
1534 281 1545 298 ,
1559 248 1655 301 quia

439 306 597 362 propri&
614 322 697 346 non
722 306 808 345 sunt
827 307 938 357 hujus
969 306 1060 345 loci.
1101 307 1196 345 Hoc
1218 319 1351 345 tamen
1372 304 1618 344 monebimus
1641 322 1664 344 ι,

441 366 489 403 In
511 364 621 403 omni
645 363 743 401 statu
758 362 800 401 in
813 376 892 415 quo
904 362 1046 415 pun&a
1062 363 1098 400 A
1114 368 1154 402 δε
1168 363 1204 401 C
1218 363 1304 401 sunt
1328 361 1377 401 ad
1399 360 1551 400 easdem
1572 376 1655 414 par-

441 433 497 459 tes
519 419 691 473 resp66h1
714 418 847 472 punsti
872 420 899 457 B
913 450 924 467 ,
939 417 1013 457 five
1024 416 1105 470 ipsa
1121 420 1157 455 A
1168 449 1178 467 ,
1192 418 1226 457 C
1241 418 1312 458 fint
1325 418 1433 457 fimul
1446 451 1456 468 ,
1472 417 1547 457 five
1562 418 1658 456 illo-

443 491 531 515 rum
562 478 729 515 alterum
751 473 909 529 propisis
931 473 1093 513 accedat
1115 472 1164 512 ad
1189 475 1241 519 Β,
1266 473 1531 527 quodcunque
1556 472 1660 512 illud>

444 532 489 571 fit
502 565 512 582 ‚
533 533 596 572 vel
612 535 649 570 A
663 564 674 582 ‚
697 533 759 571 vel
777 532 811 570 C
828 550 836 570 ι
863 543 956 570 tunc
978 544 1139 569 ornnem
1159 531 1303 569 reikam
1324 544 1408 582 quae
1431 529 1481 568 ad
1501 531 1663 569 ovalem‘

444 587 780 642 perpendicularis
806 587 881 626 erit
900 619 911 637 ‚
941 601 1147 626 occurrere
1176 586 1239 625 axi
1268 585 1439 637 ejusdem
1468 585 1591 624 ovalis
1614 585 1660 625 in

446 646 591 698 pumero
607 645 741 698 aliquo
758 642 866 697 quod
883 642 957 683 erit
973 643 1075 682 inter
1092 642 1217 696 ipsum
1231 644 1259 681 B
1275 650 1315 684 δε
1328 643 1495 681 alterum
1506 656 1553 680 ex
1569 656 1660 695 prae-

447 700 559 740 distis
579 700 729 740 duobus
747 703 783 739 A
797 732 808 750 ‚
822 701 857 739 C
870 731 880 749 ‚
903 699 1011 753 quod.
1032 697 1160 738 eidem
1174 701 1202 737 B
1220 698 1477 752 propinquius
1488 697 1575 737 erit.
1606 700 1662 737 At

446 757 545 797 verb
566 757 608 797 in
625 757 735 796 omni
757 757 855 795 statu
866 756 908 794 in
928 771 1006 809 quo
1025 757 1210 809 puniium
1234 757 1262 794 B
1279 755 1415 794 existet
1434 755 1536 793 inter
1564 768 1667 807 prae·

448 808 552 852 ἆὶἃει
573 816 608 852 Α
626 815 682 864 ‚C
695 846 706 863 ‚
719 826 814 851 tunc
835 826 995 851 omnem
1014 813 1159 851 reikam
1181 809 1372 861 ejusmodi
1387 825 1472 864 quae
1493 810 1542 849 ad
1565 825 1663 849 ova-

448 871 527 909 lem
546 868 879 923 perpendicularis
905 868 1041 907 existet
1054 901 1064 917 ‚
1077 868 1142 907 vel
1164 867 1228 906 axi
1241 868 1467 922 parallelam
1485 865 1581 915 csse,
1599 866 1663 905 vel

450 925 581 964 eidem
607 939 812 964 occurrere
836 925 938 962 ultra
957 925 1099 977 puntsta
1118 926 1154 962 A
1168 956 1178 972 ‚
1204 925 1231 962 B
1248 955 1258 973 ,
1283 925 1431 962 nullam
1451 934 1581 961 autem
1599 922 1664 961 vel

450 981 493 1021 in
509 981 594 1035 ipfis
616 979 766 1035 puniris
782 1012 792 1029 ‚
809 981 873 1019 vel
894 979 996 1018 inter
1012 979 1105 1033 ipsa,
1141 979 1215 1019 Sed
1228 978 1276 1018 dc
1293 979 1352 1018 his
1366 978 1474 1018 satis:
1498 992 1601 1017 nunc
1614 977 1665 1017 ad

451 1037 688 1091 propositam
716 1036 829 1076 nobis
859 1035 1064 1075 materiam
1087 1034 1136 1074 de
1154 1035 1250 1075 locis
1284 1035 1334 1075 ad
1357 1034 1542 1088 analyslm
1568 1033 1674 1087 aptis*

447 1093 693 1135 accedamus.

561 1208 631 1251 De
658 1202 831 1252 locorum
862 1204 1062 1267 divisione
1088 1208 1131 1250 in
1160 1202 1345 1269 diversbs
1371 1201 1543 1269 gradus.

621 1324 656 1361 U
672 1336 732 1360 ιτ
752 1338 765 1362 1
799 1321 886 1360 sunt
919 1322 1099 1363 locorum
1123 1319 1263 1374 gradus
1290 1352 1300 1368 ,
1325 1317 1449 1357 immb
1487 1316 1633 1356 infiniti
1655 1336 1672 1364 ς,

622 1376 690 1415 alii
705 1377 812 1416 enim
831 1377 1095 1431 fimpliciffimi
1118 1377 1204 1415 sunt
1224 1396 1232 1420 ;
1253 1375 1321 1415 alii
1343 1386 1474 1413 autern
1487 1374 1611 1427 magis
1622 1387 1668 1412 ac

454 1435 580 1487 magis
612 1433 849 1487 compositi,
879 1433 999 1487 idque
1034 1434 1075 1472 in
1104 1433 1316 1472 infinitum,
1362 1432 1510 1470 Eorum
1534 1443 1671 1470 tamen·

457 1490 636 1543 omnium
659 1489 829 1542 Antiqui
852 1489 930 1528 duo
952 1491 993 1529 in
1024 1489 1247 1528 universum
1274 1501 1417 1542 genera
1440 1487 1667 1525 statuerunt.

512 1546 687 1584 Primum
711 1559 831 1598 genus
849 1546 902 1584 est
914 1560 1049 1584 eorum
1063 1546 1131 1599 qui
1144 1545 1232 1584 solis
1247 1544 1426 1584 constant
1443 1542 1577 1592 lineis,
1596 1542 1671 1582 five

458 1601 533 1640 111ae
557 1604 668 1641 reihe
692 1601 782 1651 snit,
811 1601 886 1642 five
910 1617 1048 1642 curvae.
1082 1604 1142 1641 Ac
1165 1600 1214 1640 de
1231 1601 1291 1640 his
1307 1598 1396 1639 san&
1411 1598 1584 1652 intelligi
1600 1597 1671 1637 de-

456 1657 521 1697 bet
541 1658 669 1697 omnis
691 1657 816 1697 sermo
830 1658 871 1697 in
890 1673 968 1712 quo
980 1657 1028 1697 de
1043 1658 1140 1697 locis
1158 1656 1381 1711 {impliciter
1397 1654 1547 1709 agitur,
1560 1655 1672 1694 nullo

456 1713 593 1753 addito
616 1714 812 1753 vocabulo
840 1713 949 1768 quod
969 1714 1213 1754 contrarium
1235 1713 1404 1753 indicet..

438 1786 441 1787 ⁷
514 1770 737 1809 Secundum
756 1784 876 1823 genus
890 1772 943 1808 est
956 1785 1094 1810 eorum
1105 1771 1172 1823 qui
1185 1768 1456 1823 superficiebus
1469 1765 1668 1816 conflant„

457 1839 729 1879 vocanturque
749 1826 810 1864 illi
834 1826 1098 1865 communiter
1120 1827 1200 1865 loci
1223 1825 1271 1864 ad
1289 1823 1550 1878 supersidam
1567 1836 1670 1875 quo-

457 1898 543 1922 rum
566 1882 727 1936 quidam
740 1896 807 1935 per
821 1882 856 1920 se
869 1881 1068 1921 subfistunt
1081 1915 1091 1932 ,
1107 1897 1179 1921 nec
1202 1881 1250 1920 ab
1264 1881 1348 1920 aliis
1361 1880 1542 1920 oriuntur
1556 1897 1564 1921 3
1580 1878 1671 1931 qui-

458 1938 548 1978 dam
565 1938 703 1978 contra
723 1938 903 1978 oriuntur
926 1938 1001 1978 five
1015 1951 1250 1992 generantur
1276 1937 1297 1976 a
1315 1937 1411 1979 locis
1437 1934 1671 1989 fimplicibus

460 1995 575 2048 primi
597 1995 749 2049 generis
763 2027 773 2045 ,
796 1994 892 2034 dum
915 1994 975 2034 illi
996 1995 1101 2035 circa
1113 2009 1201 2036 axes
1223 1993 1375 2048 aliquos
1398 1990 1598 2041 converfi,
1617 1990 1674 2029 su-

459 2052 633 2103 perficies
654 2052 805 2107 aliquas
826 2051 1061 2106 producunt.
