1915 2663
185 214 356 271 spirales
362 213 456 267 ficas
464 210 675 268 procedere.
706 209 827 248 Hanc
847 199 1101 247 Archimedis
1116 206 1420 261 suppositionem

197 269 340 310 nullibi
359 268 495 309 videre
516 266 629 306 licuit
649 265 693 304 in
709 265 788 315 ejus
803 265 986 319 operibus
1004 283 1011 304 :
1027 265 1335 304 commentarios
1351 278 1422 303 au-

197 339 302 376 tem,
326 324 480 374 forsan,
500 338 583 363 non
609 336 747 361 omnes
769 322 872 376 legi;
892 320 957 362 sed
981 335 1055 361 nec
1079 335 1216 361 eorum
1238 321 1421 360 authori-

197 383 270 422 bus
299 382 413 421 licuit
444 393 556 420 tanto
588 379 677 420 viro
705 378 887 418 absurdas
918 377 1109 429 ejusmodi
1140 377 1421 431 suppositiones

198 437 400 491 affingere.
432 435 594 477 Deinde
607 469 618 487 ‚
641 450 712 491 pro
729 434 952 475 excusando
966 435 1093 475 vestro
1108 435 1176 474 illo
1192 433 1331 474 rustitio
1345 447 1424 473 tro-

197 493 356 535 choidis
379 492 529 543 solido,
553 493 636 532 haec
660 492 793 532 scribis
815 491 865 532 ad
885 494 935 532 R.
958 492 1001 532 P.
1027 491 1287 531 Mersennum
1310 511 1318 531 ε
1349 499 1425 529 Ha-

197 551 324 591 bemus
344 551 446 606 apud
456 550 722 590 Archimedem
737 582 749 600 ,
762 562 868 605 prop.
896 565 931 589 ι.
956 549 1000 588 de
1023 550 1158 588 circuli
1174 549 1398 600 dimensione
1411 579 1423 597 ,

197 610 379 648 circulum
406 608 458 646 ad
474 607 702 662 quadratum
724 607 906 644 diametri
928 606 993 657 ‘ffi
1016 617 1057 644 ut
1075 606 1118 646 1'1
1135 605 1188 644 ad
1208 620 1282 656 14:
1301 618 1420 660 quaero

197 664 244 704 ab
274 667 349 720 ipr
374 663 667 714 (Robervallio,
704 664 835 717 upplc)
859 662 1164 717 undenamputet
1183 677 1240 700 me
1257 660 1423 712 habttiffl

197 725 383 762 rationem
403 736 514 775 quam
535 720 589 758 ad
609 732 782 773 mmteros
809 732 852 758 11
886 717 930 762 ὠ·
963 723 1008 759 18
1033 717 1284 764 reducequ?
1320 719 1423 772 Qlae

197 778 284 833 post
302 776 421 818 verba
440 776 507 815 illa
527 775 699 829 sequitur
721 774 826 813 linea
839 806 850 821 ‚
865 773 1020 813 solitam
1041 775 1162 813 totius
1180 774 1352 828 epistolae
1368 788 1427 812 re·-

194 833 308 874 dolet
327 832 594 872 acerbitatem.
626 829 824 885 Equidem
848 829 1111 870 Archimedes
1128 831 1211 869 haec
1226 830 1367 870 habet:
1384 843 1425 869 at

195 905 280 930 non
297 888 550 929 disfimulavit
570 887 700 927 statim
721 893 732 937 (
747 885 889 941 nempe
903 887 1172 941 propositione
1185 887 1302 926 tertia
1314 920 1324 937 ,
1339 901 1425 940 quae

195 944 408 987 manifesto
438 947 584 985 lemma
607 945 662 983 est
684 943 734 984 ad
755 944 868 983 illam
891 943 1126 992 secundam)
1155 945 1273 983 talem
1298 944 1423 983 ratio-

195 1018 289 1044 nem
316 1018 330 1043 1
345 1018 359 1043 1
383 1001 434 1042 ad
457 1018 506 1054 14
518 1016 600 1041 non
615 998 691 1040 effe
708 1013 934 1040 accuratam
949 1033 959 1050 ,
973 999 1035 1039 sed
1051 999 1321 1040 tantumverae
1331 1015 1423 1055 pro-

196 1060 345 1099 ximam
368 1078 375 1099 z
399 1058 502 1113 apud
520 1073 589 1098 vos
605 1071 737 1097 autem
753 1058 857 1096 nihil
878 1059 956 1096 tale
974 1057 1161 1101 habetur;
1178 1056 1244 1096 secl
1254 1057 1423 1097 vestram

196 1116 308 1156 illam
327 1116 524 1155 rationem
546 1131 562 1156 1
578 1130 591 1155 1
616 1113 666 1154 ad
695 1119 740 1155 18
762 1127 953 1169 tanquam
972 1127 1197 1154 accuratam
1213 1113 1423 1168 proposui-

198 1173 262 1212 stis
279 1206 291 1224 ,
310 1187 358 1212 ex
380 1172 545 1211 invento
577 1170 682 1225 prius
713 1184 852 1210 centro
874 1184 1066 1225 tanquam
1085 1184 1271 1211 accurato
1294 1169 1422 1210 dedu-

198 1230 303 1269 stam
325 1248 332 1269 :
354 1229 479 1268 immo
495 1261 505 1279 ‚
526 1228 637 1268 illam
657 1243 728 1282 pro
743 1241 926 1267 accurata
940 1241 1182 1282 exceperunt
1193 1227 1423 1281 quicunque

197 1286 522 1326 existimaverunt
544 1300 614 1324 vos
633 1284 734 1324 adeo
755 1283 946 1324 candidos
970 1283 1046 1324 effe
1060 1318 1070 1334 ,
1091 1298 1134 1324 ut
1155 1283 1266 1324 nefas
1288 1284 1423 1324 existi—

197 1343 358 1382 maretis
379 1357 425 1381 ea
443 1341 650 1380 enuntiare
674 1356 759 1394 quae
783 1356 876 1380 vera
900 1357 981 1381 non
1002 1340 1137 1381 effent.
1180 1341 1421 1390 Enimvero,

197 1399 274 1438 Vir
295 1398 535 1447 Clariffime‚
559 1397 736 1452 plerique
759 1412 807 1436 ex
835 1397 976 1436 nostris
1002 1398 1069 1437 vix
1097 1397 1322 1451 persuaderi
1349 1412 1423 1451 po-

198 1454 382 1505 tuissent,
407 1454 692 1494 Torticellium
716 1454 893 1493 nobilem
915 1453 1015 1493 adeo
1042 1456 1324 1504 Geometram‚
1350 1454 1424 1492 ali-

200 1511 298 1566 quid
322 1510 415 1565 pure
439 1510 740 1551 Geometricum
763 1510 840 1548 fine
864 1509 1203 1549 demonstratione
1224 1509 1421 1549 affirmare

199 1568 380 1609 voiuiss'e.
413 1567 488 1607 Sed
505 1582 578 1607 nec
597 1567 665 1606 illa
687 1566 812 1605 vestra
833 1566 934 1605 ratio
962 1581 976 1606 1
990 1582 1005 1606 1
1035 1565 1085 1605 ad
1110 1572 1155 1607 18
1177 1581 1225 1604 ex
1243 1566 1422 1605 terminis

204 1638 301 1666 vero
331 1624 519 1679 proximis
549 1624 597 1662 ab
618 1621 864 1662 Archimede
887 1622 1084 1676 assignatis
1103 1637 1174 1677 pro
1194 1622 1334 1662 circuli
1360 1622 1424 1662 di-

199 1681 406 1722 mensione
429 1680 594 1720 deduCta
615 1680 691 1730 est,
713 1678 806 1718 cum
821 1679 958 1719 eadem
979 1692 1089 1718 extra
1107 1678 1209 1733 ipsos
1230 1679 1422 1719 terminos

201 1736 323 1792 longe
345 1750 555 1791 evagetur,
569 1735 674 1775 unde
695 1751 778 1775 non
791 1735 911 1775 video
927 1735 1023 1790 quid
1034 1736 1145 1775 vobis
1158 1736 1224 1775 hic
1241 1735 1425 1790 proficiat

204 1794 458 1835 Archimedis
480 1792 720 1842 authoritas,
743 1791 938 1847 praecipue
956 1794 998 1832 in
1018 1792 1183 1832 materia
1199 1792 1298 1847 pure
1321 1795 1425 1832 Geo-

203 1851 368 1891 metrica
381 1884 392 1901 ,
413 1851 482 1891 ubi
504 1865 574 1905 pro
588 1864 720 1889 errore
741 1850 934 1904 accipitur
951 1849 1148 1904 quidquid
1160 1849 1341 1889 accurate
1353 1865 1424 1889 ve-

205 1922 294 1948 rum
317 1923 398 1947 non
424 1908 499 1957 est,
520 1920 870 1961 quantumcunque
889 1906 987 1947 illud
1010 1905 1059 1946 ad
1084 1921 1222 1947 verum
1243 1906 1424 1961 proxime

205 1963 395 2006 accedere
415 1962 745 2017 deprehendatur.

266 2021 348 2060 Hic
374 2019 459 2059 fieri
479 2019 585 2073 poffe
608 2019 727 2059 video
743 2053 755 2070 ‚
781 2033 824 2060 ut
842 2020 981 2075 aliquis
1009 2019 1167 2071 hujusce
1185 2020 1321 2058 nostrae
1342 2019 1426 2074 epi-

206 2080 312 2122 stolae
330 2077 468 2131 stylum
489 2075 581 2115 ideo
599 2088 756 2130 carpat,
777 2077 887 2132 quod
906 2079 975 2119 ille
994 2091 1068 2118 nec
1088 2077 1218 2119 amico
1232 2109 1243 2126 ,
1267 2091 1341 2116 nec
1365 2075 1429 2118 ad-

249 2143 334 2179 Bcc,
346 2134 390 2175 de
404 2134 550 2178 l’Acad.
562 2143 672 2174 Teme
683 2141 745 2175 VJ.
1181 2134 1219 2174 O
1231 2147 1254 2172 o
1269 2147 1293 2173 o
