1915 2663
368 161 448 201 DE
484 161 894 200 Rusoivrmmz
927 159 1128 210 AEQUAT
1149 171 1344 200 onUM.
1404 173 1478 213 179

255 223 444 276 punCmm
466 221 507 260 in
533 236 612 274 quo
637 221 741 259 reeta
761 221 838 260 AC
862 219 910 259 fic
929 219 1122 260 dividitur
1136 255 1146 272 ,
1168 235 1211 260 ut
1234 234 1317 260 tota
1337 223 1411 262 AC
1430 222 1480 261 ad

256 279 484 332 portionem
514 277 583 331 ipfi
608 277 753 331 punito
782 277 817 316 C
841 278 1133 317 conterminam
1155 311 1166 328 ,
1193 277 1335 317 habeat
1355 278 1479 318 ratio-

254 349 348 375 nem
368 332 614 373 rest-aetionis
635 333 656 373 a
674 348 763 373 raro
786 332 806 373 a
825 332 1000 374 densum.

309 395 485 444 Apparet
507 404 601 444 ergo
626 389 733 429 idem
757 389 982 444 hyperbolae
1009 389 1158 429 conicae
1174 391 1354 431 accidere
1373 391 1482 446 quod

254 446 304 486 de
325 446 447 501 ellipfi
477 446 587 501 supra
609 446 759 487 dierum
785 447 839 486 est
865 446 1089 501 ,quodque
1122 447 1306 501 antiquos
1346 449 1480 489 latuis-

252 503 291 542 se
325 518 560 566 opinamur,
575 518 758 567 nempe,
786 516 923 558 praeter
954 502 1051 542 duos
1084 501 1196 543 focos
1227 506 1407 558 vulgares
1432 505 1481 544 de

255 560 431 614 quibus
422 574 465 599 in
491 560 642 600 conicis
663 561 823 615 agitur,
841 574 988 613 quique
1007 559 1191 600 distantia
1213 559 1362 600 finita
1350 578 1370 601 a
1394 575 1484 600 cen-

257 629 320 656 tro
334 618 436 656 ultra
455 617 623 657 vertices
647 629 922 666 removentur,
947 615 1033 656 dari
1053 616 1216 656 tertium
1229 617 1297 671 qui
1314 633 1359 657 ex
1376 631 1483 658 utra-

255 673 315 713 vis
338 687 446 728 parte
464 673 619 713 infinite
636 672 751 712 distet
769 672 818 711 ab
838 671 981 712 eodem
1005 686 1165 724 centro,
1190 674 1382 728 quatenus
1410 675 1484 714 sci-

258 729 354 769 licet
373 730 453 784 ipsa
477 730 694 784 hyperbola
713 727 764 769 ad
784 729 1041 784 Dioptricam
1056 728 1225 770 refertur
1241 739 1343 781 ,&.c
1357 745 1400 771 ut
1422 731 1483 770 su-

258 800 329 840 pra
350 785 400 824 de
427 786 562 840 ellipfi.

301 841 484 882 Tandem
493 842 590 883 verb
605 843 792 897 puncstum
803 842 950 883 mobile
963 846 992 884 B
1005 844 1053 883 ab
1065 842 1222 884 infinita
1235 844 1419 885 distantia
1430 845 1487 884 ul-

257 910 318 939 tra
331 901 367 938 A
382 899 629 953 regrediatur
643 914 776 940 versus
797 900 922 955 ipsum
936 900 1005 940 A
992 917 1013 940 a
1025 908 1104 955 q'uo
1118 902 1273 941 moveri
1293 902 1484 956 incoepit,

254 954 312 996 ita
333 968 375 994 ut
396 932 502 996 idoem
527 959 564 996 A
589 956 757 996 existat
747 969 851 997 inter
874 958 911 997 C
933 965 974 999 &
1003 959 1050 1002 B·
1074 972 1118 996 ac
1137 970 1231 997 tunc
1252 958 1484 999 habebimus

255 1010 472 1052 secundum
489 1014 639 1053 statum
641 1013 755 1053 illum
767 1013 952 1053 inutilem
975 1012 1024 1052 de
1044 1029 1123 1068 quo
1145 1013 1295 1055 dietum
1314 1015 1367 1054 est
1390 1015 1485 1057 dum

256 1071 446 1123 punehun
474 1072 511 1109 A
534 1070 681 1109 mobile
694 1070 930 1111 statuebatur
944 1083 1090 1125 ,atque
1110 1070 1210 1111 illud
1223 1072 1410 1111 existebat
1422 1072 1487 1112 in-

260 1138 320 1166 tra
346 1126 525 1165 ovalem'
516 1140 619 1165 mter
634 1129 662 1165 B
676 1134 716 1168 &
732 1128 787 1171 C;
801 1141 875 1166 nec
897 1104 954 1166 est²
961 1126 1071 1180 quod
1090 1128 1156 1166 hic
1169 1128 1270 1167 ultra
1285 1127 1487 1170 addamus.

317 1181 445 1237 Quod
468 1182 493 1220 fi
508 1195 657 1236 quaerat
677 1182 819 1235 aliquis
842 1183 1007 1237 quinam
1029 1183 1189 1233 hujusce
1209 1184 1488 1254 speculationis

257 1239 369 1280 circa
391 1239 556 1278 mobilia
579 1240 721 1293 punem
743 1237 889 1279 fruetus
912 1238 1065 1279 futurus
1086 1240 1130 1279 fit
1141 1241 1362 1296 ,praecipuc
1381 1256 1489 1281 circa

260 1297 444 1336 locorum
465 1294 686 1336 dostrinam
708 1295 758 1336 ad
775 1311 894 1360 quam
916 1297 1113 1351 pertinere
1135 1273 1282 1337 debent
1299 1298 1381 1338 haec
1399 1298 1490 1338 nos-

259 1365 321 1393 tra
346 1354 526 1407 exempla
551 1372 559 1393 :
583 1353 679 1392 sciat
700 1354 768 1393 ille
792 1353 963 1408 primum
984 1353 1176 1417 quidem
1167 1368 1209 1394 in
1238 1354 1489 1406 universum,

257 1410 332 1450 tali
346 1444 356 1462 ,
377 1412 440 1450 vel
460 1410 536 1449 alia
559 1410 673 1449 fimili
696 1410 1014 1450 confideratione
1033 1409 1210 1466 apprime
1227 1410 1362 1466 detegi
1374 1424 1493 1451 natu-

255 1482 345 1507 ram
373 1466 589 1521 figurarum
616 1467 817 1512 omnium,
835 1482 927 1507 cum
949 1468 1098 1507 scilicet
1121 1467 1196 1508 rite
1222 1469 1492 1509 notaverimus

260 1523 360 1577 quid
386 1538 434 1562 ex
454 1523 610 1564 diverso
635 1524 706 1563 fitu
730 1525 1018 1579 praecipuorum
1047 1526 1282 1578 punfimrum
1320 1524 1371 1564 ad
1405 1525 1492 1564 illas

259 1581 573 1643 pertinentium,
592 1580 737 1621 eisdem
769 1580 904 1636 figuris
924 1580 1105 1620 accidere
1122 1582 1261 1634 poffit,
1285 1580 1393 1620 unde
1415 1581 1493 1620 illae

264 1637 468 1677 immutari
487 1650 646 1690 queant.

322 1697 379 1733 At
396 1693 439 1732 in
459 1693 609 1747 specie,
633 1691 743 1747 quod
768 1691 818 1732 ad
840 1694 950 1733 locos
975 1694 1117 1733 attinet
1131 1725 1141 1743 ,
1168 1692 1398 1733 meminerit
1420 1693 1489 1733 vix

266 1749 380 1789 aliter
402 1749 537 1804 detegi
560 1749 667 1804 poss'e
692 1748 897 1803 quomodo
914 1750 976 1789 illi
995 1751 1243 1790 invertantur
1257 1781 1268 1796 ‚
1292 1761 1359 1789 aut
1378 1749 1419 1789 in
1442 1749 1491 1788 fi-

267 1821 380 1861 guras
404 1820 572 1860 genere,
597 1819 665 1846 aut
688 1806 814 1858 specie
839 1804 1010 1846 diversas
1035 1819 1328 1861 permutentur;
1349 1820 1489 1860 quem-

266 1863 481 1903 admodum
501 1863 613 1918 supra
631 1862 803 1903 vidimus
826 1864 960 1902 locum
983 1863 1098 1903 illum
1119 1862 1168 1903 de
1191 1878 1270 1917 quo
1294 1864 1372 1902 hoc
1388 1861 1491 1903 duo-

265 1919 425 1961 decimo
454 1921 636 1975 exemplo
662 1920 813 1975 agimus
832 1953 842 1970 ,
864 1934 970 1960 nunc
994 1918 1070 1960 effe
1101 1922 1258 1961 ovalem
1289 1921 1462 1975 aliquam
1477 1952 1487 1969 ‚

267 1991 374 2017 nunc
400 1977 593 2017 circulum
609 2010 620 2029 ,
642 1985 682 2019 &
697 1976 914 2031 aliquando
935 1978 1124 2033 ellipsim,
1144 1990 1211 2017 aut
1224 1977 1344 2017 etiam
1355 1978 1494 2031 hyper-

268 2035 401 2074 bolam
435 2052 443 2074 :
479 2033 587 2088 quod
617 2033 746 2073 adhuc
773 2034 885 2073 in·⁴iis
916 2049 1001 2088 quae
1024 2036 1154 2077 statim
1173 2034 1317 2076 diduri
1341 2034 1491 2084 sumus,

273 2105 353 2130 non
373 2090 502 2132 minus
527 2089 732 2132 evidenter
758 2091 972 2147 apparebit,
1312 2145 1334 2151 ..

1245 2146 1282 2189 Ζ
1308 2159 1335 2198 ι]

1514 851 1596 880 XIV.
1613 848 1721 879 Status?
