1915 2663
299 115 376 157 DE
409 113 837 156 Rusoni-frona
868 110 1303 165 AEQUAronUM.
1365 133 1438 169 191

211 180 369 220 easdem
392 177 481 218 satis
513 174 696 216 accurate
725 175 958 217 describere.
1010 180 1286 233 Quamobrem
1304 213 1315 231 ,
1336 183 1441 235 post-

210 237 330 292 quam
353 251 398 276 ea
413 234 585 275 breviter
598 231 891 286 exposuerimus
908 233 952 273 in
963 234 1104 288 quibus
1121 236 1197 275 illae
1211 236 1231 276 a
1249 237 1443 290 praediffis

208 291 404 349 praecipue
434 287 626 330 differunt
647 323 658 341 ‚
690 302 786 330 tunc
813 289 976 330 ulterius
1004 293 1193 347 exemplis
1215 308 1443 347 parcemus,

210 350 427 392 duodecim
439 346 635 402 praemiffis
658 347 840 386 contenti
855 380 866 398 ‚
884 361 969 401 quae
983 347 1073 388 sane
1085 349 1321 404 perillustria
1333 351 1440 397 sunt;

210 420 330 461 atque
351 406 408 445 ita
430 403 480 444 ad
500 403 541 443 id
556 402 666 458 quod
685 403 805 443 initio
827 404 1070 459 propositum
1093 406 1170 458 est,
1195 407 1441 451 accedemus.

269 462 430 503 Tertius
456 475 553 515 ergo
573 461 688 500 status
704 459 755 500 ad
767 462 926 501 ovalem
948 461 1146 515 quandam
1169 464 1343 517 pertinet
1358 498 1370 516 ,
1397 466 1442 506 in

211 534 289 574 qua
306 518 369 559 sex
386 518 467 558 loci
479 517 627 557 balium
641 551 652 568 ,
667 530 897 572 centrorum
914 518 1273 559 &intervallorum
1293 519 1442 561 descri-

211 575 371 617 buntur.
402 573 479 615 Sed
492 575 586 629 quia
601 574 787 628 punctum
800 577 838 613 A
854 574 1048 628 reperitur
1059 575 1164 616 inter
1178 578 1210 616 E
1223 585 1264 619 &
1277 577 1305 616 F
1321 610 1333 628 ‚
1345 577 1443 618 hinc

210 632 256 672 fit
277 646 320 672 nt
339 632 516 686 quinque
535 645 583 670 ex
604 630 682 670 illis
701 629 798 669 locis
814 662 825 680 ,
839 630 988 684 integri
1001 631 1106 672 intra
1123 635 1282 674 evalem
1295 635 1442 675 consti-

213 702 397 739 tuantur,
419 702 562 741 nempe
581 699 718 741 praeter
741 685 913 740 primum
931 688 1098 737 balium,
1113 691 1259 744 reliqui
1279 706 1414 731 omnes
1431 712 1441 737 ;

209 745 359 801 primus
382 745 488 784 enim
507 743 653 783 basium
666 775 677 793 ‚
699 744 763 784 vel
783 756 888 784 totus
904 744 958 783 est
972 758 1082 785 extra
1095 749 1250 786 ovalem
1267 780 1276 797 ,
1292 750 1354 787 vel
1369 749 1444 787 ali-

212 801 309 856 quid
331 800 486 840 tantum
502 799 622 840 habet
634 799 757 845 intrim
776 802 965 854 punc‘turn
979 802 1020 841 N
1039 803 1094 843 est
1102 802 1235 843 versus
1258 806 1289 843 E
1302 824 1310 848 3
1325 819 1446 858 punc-

210 870 296 899 tum
312 859 349 898 G
367 858 420 897 est
444 855 573 897 versus
595 858 655 901 K;
675 859 864 911 punctum
893 863 913 899 8
940 859 994 898 est
1015 858 1146 899 versus
1168 862 1196 899 B
1213 893 1224 910 ‚
1241 874 1360 914 atque
1388 861 1446 901 ita

209 916 399 968 pleraque
423 929 471 953 ex
495 914 646 968 punclzis
669 915 875 954 contrario
896 915 1018 955 modo
1046 915 1228 970 disposita
1256 917 1344 956 sunt
1361 932 1442 971 quo

210 971 254 1011 in
277 970 445 1011 secunda
463 970 614 1024 figura:
637 971 836 1010 esttamen
860 973 985 1012 ovalis
1010 972 1090 1026 ipsa
1112 986 1220 1023 tota,
1245 986 1287 1012 ut
1305 989 1443 1014 omnes

214 1027 268 1067 de
295 1028 436 1081 quibus
464 1027 666 1080 hucusque
693 1027 868 1081 egimus,
901 1027 951 1067 ad
974 1028 1130 1069 easdem
1160 1043 1287 1084 partes
1313 1045 1411 1070 cava
1428 1065 1439 1080 ,

212 1084 322 1139 quod
347 1085 469 1123 tribus
499 1084 687 1138 proximis
711 1084 960 1137 sequentibus
989 1086 1147 1125 statibus
1175 1102 1259 1125 non
1282 1088 1442 1128 accidit.

212 1140 399 1194 Cumque
420 1142 492 1179 ΑΕ
506 1141 559 1179 est
576 1139 626 1179 ad
644 1142 707 1178 ΕΒ
733 1141 777 1179 in
802 1141 959 1179 ratione
982 1139 1232 1182 refractionis
1246 1142 1266 1182 a
1283 1158 1371 1182 raro
1393 1143 1444 1183 ad

211 1195 396 1248 densum,
421 1210 515 1236 tunc
541 1195 622 1250 ipsa
646 1196 770 1236 ovalis
795 1197 937 1237 ultima
961 1198 1015 1237 est
1036 1213 1170 1238 earum
1187 1214 1272 1254 quae
1293 1200 1342 1240 ad
1360 1201 1445 1240 eas-

212 1253 304 1294 dem
331 1266 458 1308 partes
480 1266 572 1292 totae
594 1268 699 1293 cavae
715 1253 884 1292 existunt
899 1274 906 1298 ς
925 1254 1087 1295 ulterius
1102 1257 1230 1306 enim,
1244 1259 1390 1309 puncto
1407 1261 1442 1298 A

211 1310 373 1365 propius
406 1309 621 1350 accedente
655 1309 705 1349 ad
738 1312 792 1360 E,
827 1324 924 1350 tunc
946 1325 1073 1366 partes
1098 1313 1224 1353 ovalis
1246 1314 1389 1353 vertici
1415 1316 1447 1353 E

212 1367 310 1408 hinc
328 1367 422 1408 inde
446 1367 588 1407 vicinae
605 1401 615 1418 ‚
631 1367 831 1422 incipiunt
845 1365 920 1406 effe
933 1368 984 1409 ad
997 1369 1212 1410 exteriores
1238 1383 1364 1425 partes
1379 1385 1454 1410 ca«

215 1438 296 1476 vae,
317 1438 362 1464 ut
375 1440 469 1464 mox
486 1423 788 1465 declarabimus.

273 1484 450 1536 Qartus
474 1482 590 1521 status
607 1482 744 1521 omnia
763 1481 884 1521 habet
905 1482 1025 1522 tertio
1056 1483 1196 1523 fimilia
1215 1515 1225 1530 ‚
1250 1483 1322 1522 nifi
1339 1482 1451 1536 quod

218 1537 324 1577 circa
347 1538 541 1578 verticem
565 1541 596 1578 E
613 1571 623 1585 ‚
647 1552 774 1593 partes
789 1539 930 1592 aliquae
949 1538 1063 1591 ipfius
1079 1540 1204 1579 ovalis
1225 1555 1310 1593 quae
1323 1539 1374 1578 ad
1387 1552 1448 1579 ta-

218 1594 298 1634 Iem
316 1595 455 1634 statum
480 1595 652 1648 pertinet
667 1629 677 1645 ‚
692 1610 835 1649 nempe
855 1608 982 1649 partes
1001 1594 1079 1634 illae
1096 1610 1181 1649 quae
1198 1596 1306 1634 circa
1323 1595 1449 1635 verti-

219 1665 307 1691 cem
330 1652 360 1691 E
390 1650 570 1705 proxime
594 1650 853 1705 disponuntur
880 1685 889 1701 ,
923 1651 1093 1691 exterius
1118 1649 1251 1691 versus
1278 1655 1314 1691 A
1342 1666 1455 1693 cavae*

218 1707 318 1748 sunt.
353 1710 409 1747 At
430 1708 514 1761 post
536 1707 711 1761 aliquam
728 1707 953 1747 distantiam
968 1707 1063 1747 hinc
1081 1707 1178 1747 inde
1198 1708 1246 1747 ab
1257 1707 1341 1762 ipso
1356 1723 1448 1749 vera

219 1763 298 1803 tice
323 1766 352 1803 E
367 1797 377 1814 ,
393 1763 533 1803 eadem
555 1764 680 1804 ovalis
702 1765 846 1817 incipit
865 1763 994 1803 rursus
1017 1763 1067 1804 ad
1089 1765 1298 1805 interiores
1317 1779 1447 1818 partes

219 1819 351 1861 versus
369 1835 551 1867 centrum
571 1823 607 1860 K
630 1819 706 1860 effe
718 1836 816 1860 cava
830 1854 839 1871 ‚
853 1836 925 1860 nec
939 1820 1071 1875 postea-
1087 1835 1259 1862 mutatur
1279 1822 1367 1861 talis
1384 1837 1446 1862 ca-

218 1876 321 1917 vitas
339 1878 527 1929 interior‚
551 1877 616 1917 sed
637 1877 753 1917 durat
774 1893 841 1931 pet
861 1891 992 1917 totum
1008 1879 1134 1919 ovalis
1156 1879 1353 1933 reliquum
1365 1880 1445 1920 cir„

221 1949 269 1974 ca
295 1935 532 1990 praecipuum
557 1936 750 1976 verticem
770 1936 825 1979 (ἴς
848 1943 887 1977 δεῖ
912 1935 993 1989 quo
1017 1936 1150 1975 minor
1174 1936 1229 1976 est
1249 1936 1351 1975 ratio
1372 1938 1446 1975 AF,

224 1991 273 2031 ad
290 1994 353 2031 ΕΒ
368 2025 378 2042 ‚
397 1992 445 2031 eo
461 1993 583 2043 major
603 1993 657 2032 est
674 1993 823 2033 cavitas
840 1992 947 2032 circa
958 1993 1150 2033 verticem
1168 1995 1210 2033 E.
1243 1995 1339 2047 Quo
1353 2007 1448 2047 pac-

225 2058 267 2099 to
288 2048 478 2101 ejusmodi
495 2049 620 2090 ovalis
641 2050 776 2106 aliquo
791 2049 912 2090 modo
931 2049 1087 2091 accedit
1103 2049 1152 2091 ad
1173 2048 1344 2090 formam
1357 2064 1453 2090 cor-
