1915 2663
301 140 375 179 De
406 137 804 176 Resoinrxouz
837 133 1250 181 AEQnArmNuM.
1331 150 1410 187 207

192 200 305 241 fraffi
326 199 604 240 denominator
619 212 666 236 ex
680 198 956 251 recognitione
968 198 1082 252 ipsius
1100 199 1330 252 aequationis
1343 202 1405 241 in-

191 259 370 297 notescat
391 275 400 298 :
422 270 505 296 turn
526 253 757 294 induetionc
777 253 879 295 faeta·
892 287 902 304 ‚
925 270 1097 308 quaeram
1115 268 1410 297 numeratorem

193 315 389 354 binarium
404 345 414 363 ,
433 311 650 352 ternarium
663 345 674 362 ‚
696 311 991 365 quaternarium
1003 344 1013 362 ‚
1036 312 1264 366 quinarium
1276 347 1287 364 ,
1299 315 1410 354 fena-

191 371 318 420 rium,
339 368 602 423 septenarium
616 401 626 418 ‚
649 376 725 410 &a
744 367 873 408 donec
893 367 1007 408 illum
1028 369 1220 409 invenero
1234 403 1244 420 ‚
1266 371 1335 425 qui
1347 385 1412 411 ex-

190 425 384 481 periundo
417 423 630 466 satisfaciat
659 424 862 479 propositae
891 425 1118 479 quaestioni;
1149 441 1278 479 neque
1302 428 1412 468 enim

189 482 319 523 rursus
338 482 379 522 in
397 481 597 522 infinitum
613 482 695 521 abit
707 483 786 521 tale
797 482 1124 535 experimentum.
1158 483 1310 522 Eodem
1324 499 1413 524 mo-

188 539 241 579 do
261 572 272 588 ,
298 539 324 578 fi
345 553 391 577 ex
422 539 700 593 recognitione
731 538 819 576 talis
850 539 1082 591 aequationis
1107 537 1410 592 deprehendero

186 595 309 649 ipsam
339 610 410 634 nec
441 595 490 634 de
521 597 680 648 integro
709 609 886 641 numerO,
903 609 975 633 nec
997 594 1047 634 de
1073 594 1198 635 fraelo
1219 598 1410 650 explicari

185 651 293 705 poll'e
306 686 316 702 ‚
345 651 410 692 sed
433 652 483 692 de
508 651 622 690 surdo
646 650 781 703 aliquo
795 683 807 700 ,
827 650 933 702 cujus
953 653 1049 691 tales
1064 667 1110 691 ex
1124 651 1204 706 ipsa
1221 655 1414 707 recogni-

187 708 298 748 tione
317 708 565 748 innotescant
585 705 838 747 conditiones
853 740 863 758 ‚
887 721 930 746 ut
951 707 1020 748 ille
1033 741 1044 758 ‚
1061 723 1302 762 quamquam
1325 711 1408 750 sur-

185 763 256 803 dus
270 798 280 814 ,
304 764 532 804 indufflone
551 762 654 802 facta
673 762 809 818 detegi
831 763 944 818 possit
963 783 972 803 ;
999 766 1094 803 tales
1118 780 1254 805 omnes
1278 781 1410 820 xqua-

182 821 312 860 tiones
334 823 458 874 planae
478 820 628 860 censeri
653 819 824 870 debent,
854 835 937 860 non
959 834 1091 861 autem
1113 820 1246 861 solidae
1266 836 1333 862 aut
1355 824 1407 862 li-

181 891 342 927 neares,
365 877 432 916 sub
461 891 628 931 quarum
649 877 775 931 specie
806 877 939 930 aliquit
963 878 1162 918 contineri
1184 879 1313 932 primo
1342 880 1406 919 in-

181 933 287 973 tuitu
305 947 580 987 apparuerunt.
612 936 673 973 Ac
692 930 817 987 plane·
830 934 924 973 talis<
934 934 1064 974 existit
1082 934 1270 988 praemiffa
1283 951 1408 989 aequa-

181 989 242 1029 tio
262 991 401 1030 cubica
425 990 628 1029 numerica
641 1022 657 1039 ‚.
674 990 716 1029 in
743 1005 821 1043 qua
841 990 929 1029 satis
951 991 1110 1041 jamjam
1129 991 1334 1031 immorati
1350 992 1407 1031 su-

182 1060 266 1085 mus
279 1080 288 1096 ,
312 1062 397 1100 quae
420 1059 552 1086 tamen
565 1047 691 1100 prima
706 1045 840 1086 fronte
861 1046 981 1086 alicui
1002 1047 1132 1087 minus
1155 1048 1283 1102 perito
1298 1051 1405 1088 Ana-

181 1102 283 1155 lystae
305 1137 314 1153 ‚
347 1102 469 1142 solida
502 1103 681 1156 quazdam
708 1103 872 1155 quaestio
901 1117 948 1141 ex
980 1104 1028 1142 iis
1055 1118 1140 1156 quae
1173 1104 1403 1144 insolubiles

179 1160 303 1212 vulgo
326 1160 531 1198 censentur
548 1191 558 1208 ‚
583 1158 712 1212 potuit
734 1173 933 1212 apparere.

233 1217 354 1255 Nunc
379 1229 474 1269 ergo
496 1214 546 1255 ad
569 1215 832 1269 geometriam
861 1214 1066 1254 redeamus
1085 1248 1096 1266 ,
1118 1224 1160 1258 δε
1178 1216 1274 1271 quid
1299 1232 1404 1272 geo-

178 1272 389 1312 metricum
416 1272 460 1311 fit
475 1305 486 1322 ‚
511 1285 578 1311 aur
601 1271 751 1312 censeri
771 1271 913 1312 debeat
931 1271 1184 1325 explicemus.
1227 1276 1398 1316 Geome-

178 1328 324 1368 tricum
342 1329 385 1369 in
402 1328 627 1378 universum
651 1343 839 1368 vocamus
857 1327 1125 1383 quodcunque
1142 1330 1399 1386 intelligibile

176 1385 285 1426 est-in
301 1386 466 1425 materia
481 1385 724 1439 geometrica
737 1417 748 1435 ,
761 1387 870 1425 nulla
889 1385 1025 1424 habita
1047 1386 1202 1426 ratione
1220 1388 1398 1430 sensuum

177 1454 430 1482 externorum
445 1475 456 1492 ,
477 1442 569 1496 puta
586 1442 686 1482 visus
701 1475 711 1492 ‚
737 1441 892 1482 auditus
906 1475 925 1492 „
936 1443 1059 1482 taetus
1070 1476 1080 1493 ,
1096 1444 1224 1496 gustus
1235 1477 1245 1494 ‚
1264 1447 1327 1486 vel
1341 1448 1400 1486 ol-

178 1491 322 1548 faetus,
345 1499 416 1538 nifi
434 1497 628 1553 quatenus
649 1498 710 1538 illi
728 1499 974 1538 intellectum
995 1513 1158 1539 movere
1176 1499 1334 1554 possunt
1346 1503 1403 1542 ad‘

178 1552 262 1592 suas
297 1555 547 1607 operationes
576 1554 830 1595 exercendas.
869 1555 994 1595 Verbi
1017 1556 1143 1607 gratia
1162 1588 1173 1605 ,
1194 1556 1290 1597 dum
1310 1558 1398 1612 spe-

176 1609 256 1648 cies
280 1610 440 1650 vilibilis
463 1611 602 1650 circuli
624 1611 786 1661 alicujus
808 1610 1023 1650 materialis
1045 1610 1087 1650 in
1108 1613 1269 1652 Oculum
1288 1613 1394 1653 inci-

179 1664 274 1706 dens
293 1666 418 1706 visum
436 1680 594 1715 movet,
613 1667 682 1705 illa
706 1681 753 1705 ex
780 1667 986 1706 occasione
1014 1666 1129 1706 causa
1151 1666 1227 1707 effe
1249 1672 1398 1723 poterit

175 1736 245 1761 cur
266 1723 486 1762 intellee’rus
503 1723 551 1762 ab
565 1723 637 1762 illo
653 1722 763 1762 sensu
777 1724 968 1763 excitatus
985 1725 1106 1762 talem
1121 1723 1289 1778 figuram
1303 1741 1396 1767 con-

174 1777 420 1819 siderandam
443 1780 645 1834 suscipiat,
664 1794 710 1819 ac
729 1781 872 1818 multas
884 1780 1025 1833 easque
1035 1779 1202 1834 insignes
1216 1784 1394 1836 proprie-

178 1847 275 1874 tates
294 1835 452 1890 detegat
466 1869 477 1885 ‚
503 1849 621 1890 atque
643 1834 849 1875 evidenter
870 1850 917 1874 ex
946 1835 1062 1875 certis
1085 1849 1202 1890 atque
1232 1839 1394 1880 indubi-

177 1891 268 1930 tatis
295 1892 496 1946 principiis
517 1892 768 1933 demonstret.
802 1891 1005 1941 Ejusmodi
1015 1891 1137 1945 igitur
1149 1895 1330 1948 cognitio
1344 1897 1393 1936 ab

175 1947 380 1988 intellecfim
400 1949 554 1999 elicita,
577 1962 695 2002 atque
716 1949 759 1988 in
783 1948 867 2002 ipso
889 1949 1095 1988 intelleehz
1115 1950 1282 1991 refidens
1302 1965 1393 1992 tan-

176 2018 295 2056 quam
315 2004 458 2058 species
480 2006 611 2058 aliqua
624 2005 864 2045 intelleffiva
885 2005 991 2045 circa
1009 2006 1217 2047 materiam
1229 2022 1401 2063 geome-

179 2059 339 2112 tricam,
364 2063 421 2102 est.
437 2061 480 2102 id
499 2061 608 2115 quod
621 2062 915 2116 'geometricum
935 2062 1188 2117 appellamu&
