1915 2663
1055 186 1135 232 436

485 253 525 286 ὃς
550 247 595 283 28
622 241 671 281 ad
698 256 771 294 27;
800 255 884 296 quae
906 241 1027 282 ambae
1045 244 1216 284 rationes
1236 243 1479 286 constituunt
1500 244 1696 285 rationem

489 306 537 338 26
562 296 610 336 ad
637 313 705 350 27,
724 310 767 336 ut
787 298 1026 351 propositum
1046 300 1111 340 est.

542 354 622 392 Hic
644 352 833 392 mirabilis
851 353 1029 407 quaedam
1052 356 1266 408 proprietas
1292 356 1439 396 accidit
1458 358 1564 397 circa
1584 359 1702 411 plana

490 408 612 462 spatia
636 409 890 463 hyperbolica
914 410 1027 459 hujus
1050 411 1349 451 constructionis
1364 445 1374 462 ‚
1391 413 1456 452 illa
1477 428 1618 467 nempe
1632 414 1702 453 FG

496 469 515 504 8
534 474 569 514 6,
588 474 609 504 6
625 470 644 506 8
665 482 680 517 ς
705 481 718 516 3
737 498 746 515 ,
765 481 779 517 3
802 482 816 517 5
836 465 936 516 ZX,
953 467 1114 512 XZVS‚
1132 473 1207 507 &c.
1222 482 1305 520 quae
1327 469 1460 507 omnia
1477 471 1563 508 sunt
1580 483 1704 523 aequa-
1740 471 1747 477 '

491 520 544 559 lia
558 553 568 570 ‚
593 521 723 574 positis
759 520 948 561 continue
971 522 1332 575 proportionalibus
1356 523 1466 563 reekis
1487 527 1515 564 B
1530 527 1571 564 H
1587 557 1597 574 ,
1614 528 1678 577 B7
1692 557 1705 574 ,

494 578 522 615 B
539 594 583 628 4,
614 579 705 626 BY,
730 585 807 619 &a
841 590 883 616 ut
908 577 1018 631 supra
1038 578 1144 627 cujus
1168 578 1330 632 quidem
1357 580 1606 633 proprietatis
1635 580 1707 620 de-

494 633 724 672 monstratio
749 648 829 672 non
856 634 931 672 erit
950 633 1121 673 difficilis
1144 634 1251 688 eiqui
1273 634 1599 676 animadverterit
1625 652 1709 676 om·-

495 689 560 728 nia
585 691 953 743 parallelogramma
969 690 1106 729 iisdem
1125 691 1254 744 spatiis
1270 690 1456 746 inscripta
1468 725 1480 742 ,
1498 692 1573 733 effe
1586 708 1713 747 aequa·

496 746 571 792 lias,
595 745 703 784 ficuti
724 753 763 787 δε
790 746 1082 800 circumscripta
1109 747 1284 799 aequalia.

554 800 750 841 Tamdem
767 802 790 840 fi
807 802 1015 856 asymptoti
1034 803 1255 856 hyperbolae
1273 818 1355 843 non
1376 804 1447 843 fint
1460 802 1509 842 ad
1524 805 1711 857 angulum

497 859 670 906 rectum,
693 859 756 897 vel
777 857 921 897 eaedem
940 871 1054 897 erunt
1072 873 1119 896 ex
1144 859 1180 898 se
1202 858 1554 900 demonstrationes
1577 874 1712 899 omnes

500 913 783 966 praecedentem
805 915 869 953 'vel
890 913 1095 953 additione
1116 946 1126 964 ‚
1161 926 1227 953 aut
1248 914 1491 956 detractione
1521 929 1714 956 conorum

501 968 765 1022 quorumdam
778 1002 788 1020 ‚
808 969 903 1008 fient
924 969 1082 1010 eaedem.

559 1027 757 1065 Caeterum
774 1059 784 1075 ,
819 1027 853 1065 R
868 1040 888 1065 E
905 1041 929 1066 v.
945 1041 966 1065 E
984 1042 1011 1067 R
1027 1041 1047 1066 E
1062 1041 1087 1066 N
1105 1042 1129 1066 D
1144 1041 1165 1066 E
1198 1028 1288 1067 PAT
1305 1042 1325 1067 E
1343 1043 1393 1078 R,
1423 1028 1501 1067 hoc
1528 1027 1621 1068 scias
1647 1043 1717 1070 ves-

501 1084 594 1130 lim,
616 1096 678 1122 me
696 1079 965 1136 magnifacere
994 1082 1092 1122 adeo
1118 1085 1384 1122 Excellentem
1409 1085 1574 1134 Virum,
1598 1085 1718 1126 etiam

501 1137 601 1179 ultra
635 1137 750 1192 quam
779 1138 906 1179 verbis
937 1151 1003 1178 aut
1040 1138 1180 1178 litteris
1210 1140 1428 1193 exprimere
1453 1140 1598 1194 possim.
1643 1143 1718 1181 Fac

502 1196 644 1244 etiam,
668 1194 853 1244 obsecro,
883 1207 926 1233 ut
948 1194 1028 1249 ipse
1058 1194 1278 1234 innotescat
1302 1196 1441 1235 nostris
1465 1198 1717 1248 Geometrisss‚

502 1250 715 1306 pracsertim
744 1253 798 1290 D.
836 1253 888 1291 D.
919 1260 976 1290 De
1008 1260 1190 1301 Fermat,
1224 1253 1268 1297 ὠ
1299 1256 1494 1305 Destaertes
1516 1285 1527 1302 ‚
1550 1268 1718 1306 quorum

503 1320 714 1360 utrumque
739 1339 749 1356 ,
782 1321 870 1347 meo
905 1306 1066 1360 quidem
1091 1306 1263 1358 judicio,
1289 1322 1361 1347 nec
1387 1308 1457 1361 ipfi
1483 1309 1719 1349 Archimedi

504 1364 587 1414 jure
608 1364 693 1417 quis
718 1363 976 1415 postposuerit
990 1382 998 1406 ;
1014 1364 1090 1401 hoc
1114 1364 1219 1402 enim
1241 1363 1343 1416 apud
1365 1378 1427 1403 me
1443 1365 1591 1418 recipio
1605 1398 1616 1415 ,
1632 1363 1719 1405 fote

505 1432 549 1458 ut
570 1427 610 1462 ὃς
631 1419 691 1458 his
717 1426 757 1459 &
779 1417 840 1457 illi
860 1418 1115 1472 gratiffimum
1132 1418 1227 1472 quid
1252 1418 1421 1459 facturus
1451 1419 1507 1459 fis.

511 1634 984 1682 CLARISSIMO
1026 1635 1191 1682 VIRO
1228 1634 1725 1684 ROBERVALLIO

578 1765 1003 1804 EVANGELISTA
1041 1765 1505 1800 TORRICELLIUS
1542 1765 1579 1797 S.
1606 1767 1648 1798 P.

546 1923 550 1927 ,
621 1883 660 1922 O
675 1895 742 1933 QU
758 1897 784 1923 A
800 1898 828 1923 R
859 1881 991 1937 aperte
1018 1895 1148 1921 tecum
1171 1882 1248 1920 fine
1262 1881 1341 1920 alio
1356 1880 1569 1933 interprete
1582 1910 1592 1927 ,
1617 1877 1681 1918 V1
1696 1891 1724 1917 R

511 1881 612 1994 L.
624 1939 658 1978 C
671 1953 693 1978 L
706 1953 732 1978 A
747 1955 775 1979 R
792 1955 805 1979 1
825 1953 840 1978 s
860 1953 874 1978 s
892 1956 904 1979 1
921 1952 954 1978 M
969 1954 989 1979 E
1005 1971 1015 1988 ‚
1037 1938 1122 1992 quis
1146 1938 1252 1977 enim
1269 1935 1502 1976 dissimulare
1518 1932 1629 1988 poffit
1644 1944 1660 1994 ,ᾗ
1677 1934 1726 1971 Et

513 2009 739 2050 quanquam
755 1995 891 2034 litterae
909 2007 982 2034 tuae
1000 1994 1050 2033 ad
1063 1993 1324 2047 Clariffimum
1337 1992 1593 2032 Mersennum
1609 1987 1726 2028 missa:

514 2052 587 2091 fint
600 2085 610 2102 ,
635 2051 821 2091 cohibere
841 2064 973 2091 tamen
994 2065 1075 2090 non
1102 2047 1253 2103 poffum
1275 2049 1398 2089 animi
1413 2048 1491 2087 mei
1511 2047 1723 2099 impetum,

517 2108 614 2159 quin
638 2107 688 2149 ad
707 2120 746 2148 te
764 2120 895 2149 curtat
916 2142 928 2159 ‚
960 2106 1110 2161 tibique
1140 2119 1270 2164 totum
1293 2107 1329 2146 se
1356 2104 1513 2147 dedicet
1538 2114 1726 2156 tanquam
