1915 2663
179 240 368 296 ¹Apoilini
392 244 708 282 Geometrarum.
741 240 975 278 Fortunatas
998 234 1197 289 certejam
1215 237 1407 278 existima·-

184 313 226 338 rc
251 298 375 338 debeo
404 313 526 352 nugas
553 311 680 347 meas,
712 309 829 350 atque
850 294 933 335 illas
958 309 1040 333 non
1066 295 1144 345 jam
1164 293 1329 348 amplius
1343 295 1406 334 nia

184 353 390 394 hilifacere
404 388 414 404 ,
437 352 764 408 quandoquidem
785 351 915 406 dignae
939 351 1082 390 habitae
1102 351 1188 390 sunt
1202 384 1211 401 ‚
1242 365 1326 405 quae
1346 351 1408 399 ju·-

186 410 336 450 dicium
356 424 466 449 tuum
492 411 687 461 subirent,
705 416 745 451 δε
773 406 1174 448 animadversionibus
1195 407 1270 446 tuis
1291 407 1408 446 nobi-

188 468 408 509 litarentur.
443 467 645 521 Principio
659 499 668 516 ‚
694 480 740 506 ex
765 480 828 504 me
849 465 987 518 quaeris
1010 478 1060 503 an
1076 477 1303 504 centrorum
1319 478 1408 518 gra-

187 523 320 563 vitatis
348 524 540 577 parabola*
564 523 586 563 a
615 522 762 577 priori,
784 534 828 560 ut
848 522 1057 561 inventum
1076 519 1097 559 a
1120 535 1182 559 me
1208 535 1409 575 propona-

189 592 252 619 tur
269 613 280 630 ‚
303 593 370 619 aut
391 592 584 634 quaeratur
607 593 649 618 ut
669 579 852 632 ignotum
874 596 880 616 :
900 577 1166 616 erubescerem
1179 576 1284 616 certe
1297 578 1410 630 igno-

189 648 273 676 tum
299 637 506 694 theorema
534 636 638 676 inter
664 635 758 674 alias
785 634 1136 688 propositiunculas
1163 648 1268 673 meas
1300 632 1321 673 Ξι
1346 647 1409 672 mc

188 692 472 733 demonstratas
496 694 705 732 collocare.
739 689 995 732 Ostendimus
1014 689 1111 729 illud
1125 690 1242 729 unica
1255 723 1264 737 ,
1277 689 1409 729 brevi-

190 764 266 802 que
298 749 654 791 demonstratione3
680 746 744 786 sed
776 747 821 785 ea
855 747 1060 786 occafione
1086 746 1299 786 admiratus
1328 746 1412 785 sum

188 805 492 845 foecunditatem
512 803 666 859 ingenii
694 803 754 843 tui
775 803 880 842 circa
897 816 959 842 tot
983 803 1186 857 parabolas
1208 816 1325 856 atque
1344 817 1411 841 ea·-

187 875 276 902 rum
299 861 444 911 solida,
470 876 552 901 non
578 859 703 900 solum
726 859 1003 910 Geometrice,
1018 859 1084 898 sed
1103 859 1224 899 etiam
1247 859 1413 898 Metha-

187 917 278 958 nice
308 918 552 958 considerata
573 951 584 968 ‚
609 924 650 959 &
673 916 723 956 ad
747 916 968 956 mensuram
992 916 1277 970 scientiamque
1297 915 1413 955 reda*

190 977 263 1015 «sta.
296 977 361 1014 De
385 975 444 1014 his
466 974 567 1016 nihil
587 988 662 1028 ego
686 973 812 1013 habeo
832 971 940 1026 quod
956 971 1178 1027 proferam,
1195 980 1234 1014 Sc
1252 970 1412 1011 fortasse

191 1046 274 1072 non
297 1031 450 1071 habebo
468 1052 477 1077 ;
503 1030 693 1085 fiquidem
713 1029 957 1070 difficillimae
970 1062 980 1079 ‚
997 1029 1068 1068 nifi
1081 1028 1220 1079 fallor,
1235 1042 1410 1070 contem-

189 1088 380 1143 plationis
409 1087 549 1128 censeo
575 1086 799 1138 hujusmodi
830 1086 1091 1126 theoremata.
1135 1087 1325 1125 Praeterea
1343 1086 1414 1125 irn-

192 1145 342 1185 morari
371 1160 452 1184 non
486 1145 592 1183 soleo
616 1144 722 1183 circa
751 1143 893 1197 figuras
915 1158 998 1182 non
1018 1145 1218 1197 vulgatas,
1246 1150 1286 1185 <Sc
1310 1143 1414 1183 circa

194 1201 321 1241 solida
344 1215 428 1256 quae
452 1200 478 1239 s1
501 1214 606 1241 nova
632 1200 728 1250 fim,
758 1199 891 1238 saltem
914 1199 961 1238 ab
987 1199 1159 1253 antiquis
1181 1207 1220 1241 &
1247 1200 1413 1253 receptis

193 1257 330 1313 figuris
351 1257 476 1312 planis
499 1270 631 1297 ortum
654 1272 735 1296 non
759 1256 956 1300 habeant3
980 1269 1098 1310 atque
1125 1256 1203 1295 hoc
1225 1257 1269 1295 ea
1287 1256 1418 1310 praeci*

193 1314 270 1369 pue
301 1315 455 1355 ratione
470 1346 479 1360 ‚
500 1327 544 1353 ut
562 1314 743 1353 laborum
761 1310 911 1358 frmstus
925 1346 935 1362 ,
957 1312 1116 1366 quando
1142 1327 1202 1352 res
1224 1327 1272 1351 ex
1294 1313 1418 1352 animi

193 1384 293 1411 voto
316 1370 518 1421 succedet,
540 1383 796 1409 communem
812 1369 1081 1407 litteratorum
1096 1369 1319 1422 applausum
1336 1369 1419 1408 sor-

193 1427 315 1468 tiatur
336 1461 348 1479 ‚
377 1426 572 1482 neque‘fit
595 1426 664 1481 qui
686 1424 866 1466 invideat
891 1424 1033 1479 figuras
1054 1423 1076 1463 ὲ
1098 1439 1160 1464 me
1182 1424 1269 1479 ipso·
1296 1423 1420 1464 fabri-

196 1497 316 1525 catas.
349 1484 539 1523 Mensura
559 1481 748 1537 cycloidis
764 1515 775 1532 ,
800 1482 901 1531 (hoc
926 1481 1034 1520 enim
1056 1481 1219 1519 nomine
1244 1481 1422 1520 Clariffi-

197 1555 283 1580 mus
310 1541 496 1580 Galilaeus
524 1539 737 1594 appellavit
758 1554 808 1590 45
839 1538 915 1586 jam
937 1536 984 1575 ab
1005 1536 1100 1575 hinc
1119 1536 1231 1576 annis
1254 1535 1421 1589 figuram

199 1612 285 1651 quae
307 1595 467 1636 fortaffe
488 1596 562 1635 tibi
585 1609 689 1635 nunc
709 1593 888 1645 trochois
910 1592 988 1641 est)
1010 1592 1112 1632 mihi
1131 1592 1209 1631 sese
1227 1593 1334 1632 ultro
1356 1594 1422 1633 oba·

201 1653 294 1693 t-ulit
309 1669 389 1694 non
413 1651 582 1707 speranti
594 1685 604 1701 ‚
621 1649 721 1706 pene
736 1649 820 1690 dixi
839 1664 922 1689 non
940 1648 1143 1703 quaerenti.
1178 1649 1293 1687 Illam
1307 1648 1422 1689 dein-

201 1709 252 1750 de
281 1710 491 1764 quinquies
530 1707 688 1748 diverfis
720 1707 868 1761 semper
903 1705 1107 1760 principiis
1141 1704 1422 1747 demonstravi;

203 1766 353 1822 Qioad
388 1765 510 1806 solida
530 1765 632 1805 nihil
652 1764 780 1803 habeo
805 1782 813 1803 ε
838 1775 1069 1817 tangentem
1093 1761 1284 1816 praedicstae
1309 1762 1423 1803 lineae

200 1823 281 1875 jam
309 1822 532 1863 ostenderat
566 1821 667 1861 mihi
689 1820 925 1861 Vincentius
951 1820 1146 1859 Vivianus
1171 1819 1422 1859 Florentinus

208 1880 421 1920 Clariffimi
455 1878 611 1920 Galilaei
645 1879 825 1917 alumnus
845 1910 856 1928 ‚
891 1876 1012 1916 etiam
1044 1889 1155 1933 nunc·
1185 1874 1425 1917 adolescent.

208 1936 356 1991 Quoad
369 1938 568 1976 aunofem
581 1935 693 1987 hujus
709 1934 842 1988 figurae
852 1967 862 1984 ,
872 1932 991 1972 credo
1004 1947 1079 1988 ego
1093 1932 1300 1986 ingenium
1311 1946 1423 1973 tuum

207 1993 468 2032 acutissimum
490 2000 530 2034 δε
551 1990 827 2031 feraciffimum
841 2024 851 2040 ‚
873 1990 984 2030 illam
1004 2004 1051 2029 ex
1073 1989 1109 2028 se
1126 1989 1331 2029 observare
1349 2004 1424 2043 po*

208 2047 322 2088 tuiss'e
341 2049 500 2089 nemine
519 2047 722 2088 indicante
737 2045 992 2099 3-hujusmodi
1018 2046 1125 2086 enim
1147 2046 1260 2103 lineae
1285 2058 1424 2086 natura

209 2103 417 2149 familiaris
439 2117 555 2157 erat,
589 2104 819 2159 constatque
849 2118 896 2144 ex
926 2102 1214 2158 compofitione
1255 2100 1426 2156 duorum

1123 2158 1188 2200 Iii
1220 2158 1271 2209 iij
