1915 2663
1024 180 1105 226 460

456 247 546 274 men
580 246 651 272 nos
683 232 802 284 latet,
836 247 923 275 eam
945 239 1135 290 aequalem
1159 235 1235 276 effe
1262 234 1514 293 hypotenusae
1546 235 1684 290 cujus*

457 289 548 328 dam
580 288 770 344 trianguli
803 292 1045 346 reetanguli,
1066 293 1173 344 cujus
1193 308 1316 334 unum
1341 296 1507 334 laterum
1529 295 1680 347 aequale

459 344 502 383 fit
521 346 632 384 rectae
653 345 673 384 ἐι
698 359 836 385 centro
856 346 906 386 ad
926 348 1142 388 terminum
1161 350 1298 389 helicis
1311 349 1433 391 duclae
1451 369 1459 391 :
1475 350 1650 389 sedenim
1666 381 1684 399 ‚.

460 401 546 453 quis
569 401 812 455 triangulum
831 403 932 443 istud
955 404 1086 454 dabit,
1108 419 1154 443 ex
1178 405 1383 459 hypothesi
1403 406 1510 461 quod
1534 406 1679 445 dentur

462 457 655 510 positione
680 466 719 499 δε
743 459 997 512 longitudine
1021 461 1105 500 duae
1132 475 1178 499 ex
1202 461 1248 500 iis
1274 462 1385 502 scetis
1408 478 1491 516 quae
1506 461 1527 502 Ξι
1543 475 1686 501 centro

462 512 513 553 ad
536 514 707 553 helicem
733 516 999 556 *terminantur
1015 529 1024 558 ἒ
1050 518 1111 557 vel
1123 517 1262 556 contr}
1275 519 1384 572 ‚Aquis
1397 519 1597 572 triangulo
1611 517 1684 556 daz

463 581 506 607 to
521 602 531 618 ,
555 569 665 610 dabit
691 571 861 611 helicem
877 584 895 612 3
924 577 1146 627 Utrumque
1169 573 1194 612 fi
1216 573 1394 623 dederis,
1417 574 1490 614 Vir
1508 573 1685 613 Clariffi-

463 640 526 664 me
542 658 552 674 ,
575 628 636 665 vel
662 629 891 668 alterutrum
916 629 1094 679 tantum,
1121 644 1195 684 ego
1227 645 1373 670 munus
1387 629 1428 669 id
1447 645 1494 669 eo
1521 643 1685 669 munere

464 684 726 736 compensabo
743 717 753 733 ‚
772 684 879 738 quod
906 688 968 725 vel
990 688 1070 740 ipse
1091 686 1212 740 duplo
1233 687 1350 740 pluris
1365 685 1498 726 facias.
1531 684 1606 726 Sed
1618 700 1688 724 ca-

469 753 513 777 ve
542 757 549 777 :
581 740 646 778 hic
669 740 734 780 via
759 755 928 795 praeceps
949 742 1002 780 cst
1026 750 1065 784 δε
1086 743 1255 787 lubrica·,
1276 758 1321 782 ac
1342 745 1428 783 talis
1443 776 1453 793 ,
1474 757 1521 781 ex
1541 757 1617 796 qua
1638 740 1689 781 ad

467 796 788 849 parallogismum
814 799 937 852 lapsus
965 798 1007 837 sit
1042 797 1253 838 facillimus
1283 817 1292 838 z
1325 799 1396 839 nifi
1424 812 1556 839 tamen
1581 796 1690 852 quod

467 851 635 903 petimus
655 851 790 892 datum
808 852 950 903 fuerit,
975 855 1188 909 propositio
1204 856 1346 894 nullius
1370 856 1486 909 pretii
1507 869 1690 894 remane-

467 907 534 946 bit.
571 907 672 947 Illud
694 909 814 948 etiam
835 926 917 949 non
936 910 1079 950 videris
1097 910 1435 963 animadvertisse,
1451 911 1689 965 propositio-

468 978 560 1002 nem
582 964 684 1003 hanc
705 980 785 1004 non
805 965 880 1004 effe
900 981 1068 1013 novam,
1095 966 1158 1005 scd
1185 967 1305 1021 ipsam
1336 967 1489 1021 prorsus
1524 966 1692 1006 eandem

469 1018 545 1058 esse
566 1035 653 1059 cum
669 1022 831 1075 antiqua
853 1023 920 1062 illa
934 1055 944 1069 ,
964 1024 1039 1077 qufi
1062 1023 1247 1077 quaeritur
1262 1024 1364 1062 linea
1382 1039 1449 1077 per
1466 1039 1583 1077 quam
1599 1037 1697 1077 pon'·

469 1075 539 1115 dus
564 1075 611 1115 ad
632 1091 814 1118 centrum
838 1090 949 1118 terrae
972 1079 1166 1119 laberetur
1197 1079 1410 1119 secundum
1442 1078 1691 1119 uniformem

468 1131 519 1171 ad
534 1134 643 1172 suum
663 1134 1261 1180 horizonteminclinationem3
1284 1136 1372 1176 talis
1389 1137 1494 1175 enim
1516 1136 1619 1175 linea
1641 1134 1695 1175 ad.

470 1190 547 1227 tale
567 1204 689 1242 genus
715 1191 895 1245 pertinet.
941 1191 1076 1248 Qitm
1095 1193 1191 1233 vero
1212 1192 1381 1232 minime
1407 1207 1512 1232 nova
1540 1192 1584 1231 sit
1601 1206 1698 1246 pro-

470 1245 632 1298 positio,
654 1248 855 1287 testabitur
876 1248 956 1301 ipse
979 1251 1026 1290 R.
1053 1250 1094 1289 P.
1123 1249 1367 1289 Mersennus.
1401 1248 1550 1289 Verum
1565 1281 1575 1299 ‚
1599 1247 1692 1302 quia

471 1300 562 1340 datii
580 1303 842 1344 inclinatione
856 1337 866 1354 ‚
887 1305 966 1344 hoc
988 1305 1062 1354 est,
1076 1304 1168 1345 dato
1188 1305 1314 1359 specie
1323 1305 1526 1359 triangulo
1540 1306 1695 1344 restam-

475 1360 591 1411 gulo,
615 1357 789 1413 datoque
811 1373 949 1400 centro
973 1361 1113 1400 helicis
1133 1361 1175 1400 in
1200 1375 1338 1400 centro
1361 1375 1494 1406 terrae,
1513 1360 1606 1400 dato
1630 1360 1698 1399 ina-

475 1415 586 1467 super
609 1430 688 1454 uno
711 1415 882 1465 ejusdem
907 1416 1045 1456 helicis
1073 1418 1241 1471 puncto,
1265 1416 1360 1470 putet
1378 1417 1424 1456 in·
1441 1416 1554 1470 ipfius
1581 1430 1696 1456 terrae

476 1468 700 1522 superficie;
727 1487 808 1511 non
838 1484 992 1527 poterat
1017 1472 1281 1527 geometrice,
1309 1488 1383 1512 nec
1416 1473 1536 1512 etiam
1563 1473 1699 1526 suppo-

475 1526 543 1565 sitii
571 1528 711 1567 circuli
737 1527 997 1583 quadratura,
1026 1529 1207 1583 assignari
1230 1528 1337 1568 aliud
1360 1530 1402 1568 in
1423 1544 1467 1568 ea
1489 1530 1711 1582 punctumz.

476 1582 569 1622 ideo
593 1584 661 1623 illa
682 1584 830 1624 inculta
854 1585 1081 1639 permuniit,
1100 1601 1143 1625 ac
1171 1584 1254 1625 fere
1279 1600 1326 1624 ex
1342 1598 1427 1624 toto
1443 1586 1621 1639 neglecta
1634 1585 1698 1625 est.

478 1640 624 1693 Neque
647 1640 796 1691 rursus,
816 1641 921 1681 idem
945 1642 1068 1681 solum
1083 1656 1148 1682 aut
1163 1642 1333 1695 primum
1354 1656 1475 1696 genus
1494 1642 1546 1681 est
1566 1655 1700 1681 earum

477 1695 677 1747 helicum,
700 1712 784 1751 quae
806 1696 925 1737 finitae
939 1694 1027 1738 cum
1043 1699 1115 1737 sint
1127 1733 1138 1750 ‚
1151 1698 1324 1738 infinitas
1341 1711 1472 1738 tamen
1487 1699 1591 1738 circa
1605 1712 1700 1751 pun-

479 1754 584 1793 &um
619 1753 822 1807 quoddam
855 1755 1121 1796 revolutiones
1151 1755 1386 1796 absolvunt:
1412 1756 1508 1793 tales
1528 1754 1633 1793 enim
1659 1760 1701 1794 &c

478 1808 598 1863 longe
622 1810 864 1864 antiquiores
888 1812 975 1852 sunt
995 1813 1072 1852 illae
1086 1827 1170 1865 qua:
1188 1813 1228 1852 in
1243 1811 1366 1866 globis
1383 1810 1622 1850 terrestribus
1641 1821 1701 1848 at-

482 1880 560 1920 que
578 1866 620 1905 in
642 1867 794 1921 mappis
816 1868 953 1908 mundi
967 1867 1267 1919 ,loxodromias
1291 1868 1354 1906 seu
1375 1880 1585 1907 ventorum
1615 1866 1697 1906 vias

481 1920 681 1973 referunt,
703 1938 867 1977 quaeque
894 1938 1031 1979 praeter
1061 1926 1130 1965 has
1161 1924 1261 1965 illud
1290 1924 1437 1963 habent
1469 1923 1667 1977 peculiare
1688 1954 1698 1971 ,

483 1978 593 2033 quod
615 1994 662 2018 ex
683 1992 849 2033 utraque
868 1995 975 2035 parte
991 1982 1110 2021 finitae
1123 1982 1211 2026 fint3
1226 1988 1266 2022 δε
1279 1993 1412 2021 tamen
1429 1979 1534 2019 circa
1545 1991 1697 2018 utrum-

485 2050 561 2087 que
585 2037 718 2090 polum
736 2036 923 2078 infinities
937 2038 1311 2078 circumvolvantur.
1348 2039 1531 2091 Cumque
1547 2036 1593 2074 fic
1606 2035 1698 2073 imi-

484 2091 626 2145 tando,
639 2107 698 2134 res
717 2095 979 2137 Geometricae
1000 2095 1264 2137 ininfinitum
1279 2096 1508 2149 plerumque
1528 2092 1698 2143 abeant³
