1915 2663
761 179 839 216 449

184 230 325 271 :torum
337 229 513 271 ‘maximo
527 229 680 270 tantum
692 262 702 280 ,
715 243 945 270 remanente
958 231 1115 284 integro
1127 229 1391 285 consequente
1402 265 1412 281 ‚

186 288 338 342 reliqui
359 289 556 328 rationem
578 287 777 326 minorem
800 287 916 341 quam
939 290 968 338 ξ.
1001 288 1090 326 Nec
1116 287 1223 327 adid
1245 288 1414 327 demon-

185 343 416 395 -strandum,
438 344 516 383 alio
539 343 820 383 recurrendum
842 344 895 383 est
919 343 1037 397 quam
1059 343 1107 383 ad
1131 344 1301 398 genesim
1322 359 1415 399 qua-

186 399 419 450 dratorum,
434 401 510 454 qua
528 400 570 439 fit
594 413 637 439 ut
659 400 788 453 quivis
808 415 992 440 numerus
1015 399 1226 454 quadratus
1247 416 1413 456 compo-

185 469 308 496 ›natur
320 471 366 495 ex
379 457 561 511 proximo
575 457 767 510 quadrato
781 457 936 496 minore
947 490 957 507 ‚
971 471 1017 495 ex
1032 456 1152 510 duplo
1165 457 1308 497 radicis
1323 459 1415 508 ejus<

190 511 282 552 dem
296 513 474 564 minoris,
490 527 607 568 atque
618 529 664 553 ex
675 515 839 558 unitate;
853 513 1188 568 quemadmodum
1201 515 1320 553 etiam
1332 515 1415 568 qui-

185 568 250 609 ‘vis
262 584 446 610 numerus
459 571 578 610 cubus
591 571 845 633 componitur
859 585 904 609 ex
918 570 1099 625 proximo
1117 571 1218 609 cubo
1237 571 1391 610 minore
1402 604 1412 620 ,

182 639 238 664 -ex
252 627 372 689 triplo
385 626 568 681 quadrati
579 627 757 677 minoris,
769 642 817 666 ex
827 627 947 681 triplo
961 626 1102 666 radicis
1114 627 1276 666 minoris
1282 639 1415 681 ,atque

189 696 237 721 ex
259 683 423 724 unitate.
459 683 544 738 Qui
560 683 720 737 quidem
735 683 855 722 cubus
871 684 924 722 est
946 683 1070 737 ipsum
1086 684 1302 723 maximum
1316 698 1414 737 qua-

190 737 348 779 dratum
363 740 479 779 toties
490 740 686 794 sumptum
699 752 796 794 quot
807 740 895 778 sunt
906 740 1062 779 numeri
1075 739 1198 793 quadi
1202 739 1257 779 ati
1272 740 1320 779 ab
1332 740 1417 779 uni-

183 807 273 834 =tate
299 797 557 863 incipientes,
582 809 700 850 atque
726 796 783 835 ita
804 794 853 835 de
875 795 1034 849 fingulis
1059 796 1334 850 potestatibus,
1358 796 1415 835 se-

181 850 364 891 cundum
385 852 685 907 uniuscujusque
707 852 891 907 genesim.
935 853 1184 903 Corollaria,
1209 852 1415 906 quomodo

180 907 268 947 *ab
257 908 305 948 iis
324 907 599 959 deducantur,
628 909 744 959 alias,
771 909 824 947 fi
815 922 870 948 ita
891 908 1100 963 expediat,
1117 909 1413 967 explicabimus.

188 964 334 1019 Neque
355 966 475 1005 etiam
488 964 654 1005 fortassis
668 943 928 1020 speinendum
941 964 1140 1005 videbitur
1159 950 1414 1006 corollarium

187 1021 297 1060 aliud
320 1021 428 1076 quod
448 1037 496 1062 ex
517 1023 587 1062 tali
613 1037 870 1062 numerorum
896 1022 1138 1076 inspectione
1160 1021 1338 1062 deduxi:
1362 1023 1413 1062 il·-

188 1077 256 1116 lud
278 1091 410 1118 autem
430 1081 506 1118 tale
528 1080 592 1119 est.
627 1079 836 1141 Propositis
851 1092 1108 1147 quotcunque
1123 1079 1295 1118 numeris
1309 1081 1412 1118 mul-

181 1133 361 1174 ·titudine
381 1135 501 1175 finitis
516 1135 616 1190 ,qui
628 1135 676 1174 ab
687 1149 864 1187 unitate,
881 1134 1095 1176 secundum
1110 1138 1331 1175 naturalem
1345 1151 1414 1175 nu-

189 1204 390 1232 merorum
414 1192 551 1231 seriem
576 1191 794 1246 procedant
824 1208 869 1242 1,
893 1210 914 1233 2.
928 1209 1000 1245 ,,3
1015 1210 1060 1245 4,
1080 1209 1119 1245 5,
1136 1202 1157 1233 6
1171 1225 1181 1242 ,
1200 1209 1247 1246 7,
1263 1197 1308 1242 8,
1334 1199 1412 1233 &a

184 1247 312 1301 usque
332 1248 380 1287 ad
407 1264 649 1289 100000000
671 1250 841 1303 exempli
857 1250 1003 1303 gratian
1020 1250 1207 1289 exhibere
1221 1250 1411 1289 summam

183 1304 472 1357 quadratorum
483 1338 493 1356 ,
508 1318 574 1345 aut
586 1305 777 1345 cuborum
792 1337 802 1353 ,
816 1319 882 1345 aut
893 1305 1410 1360 quadrato-quadratorum,

184 1374 256 1399 aut
277 1361 379 1401 cubo
393 1388 411 1394 -
427 1362 735 1416 quadratorum,
760 1375 827 1401 aut
851 1363 1168 1402 cubo-cuborum
1182 1396 1193 1414 ,
1220 1371 1296 1404 δίε.
1323 1377 1412 1402 om·-

181 1416 303 1458 nium
321 1418 462 1458 talium
474 1433 750 1459 numerorum:
770 1433 854 1472 quae
871 1417 961 1458 sane
973 1420 1109 1473 regula
1123 1434 1222 1473 ‚pro
1240 1417 1411 1473 quadra-

188 1474 260 1524 tis,
283 1483 324 1517 δε
348 1476 456 1514 cubis
475 1475 696 1530 ,reperitur
716 1475 891 1529 specialis
915 1452 1042 1528 apud&
1034 1476 1262 1519 Autlmres,
1286 1488 1325 1514 at
1339 1490 1410 1529 pro

183 1531 376 1571 omnibus
397 1532 676 1586 potestatibus,
700 1532 848 1570 nullam
867 1530 969 1585 apud
984 1531 1072 1570 illos
1093 1531 1306 1585 reperimus
1320 1532 1413 1570 uni-

187 1587 391 1628 versalem.
423 1589 523 1628 Haec
545 1603 640 1642 ergo
654 1585 731 1626 fuit
743 1588 872 1627 nostra
890 1602 966 1641 pro
990 1587 1264 1641 parabolarum
1286 1588 1411 1641 planis

188 1658 237 1683 ac
259 1643 391 1683 solidis
404 1643 621 1698 ,simulque
642 1659 712 1698 pro
727 1644 848 1698 planis
861 1644 1059 1693 helicum,
1076 1643 1300 1683 methodus.
1322 1644 1412 1683 Post

184 1699 272 1741 haec
298 1701 500 1755 proposuit
525 1702 585 1741 vir
608 1700 858 1755 amplissimus
883 1700 1017 1755 (quod
1035 1708 1075 1742 δε
1098 1700 1177 1754 ipse
1196 1698 1377 1751 jamdiu
1367 1715 1411 1740 m

180 1757 372 1797 omnibus
401 1757 536 1811 figuris
562 1757 835 1797 universaliter
863 1757 1114 1811 quaerebam)
1138 1756 1411 1811 praedi&arum

189 1811 404 1865 figurarum
434 1827 570 1854 centra
594 1814 798 1868 gravitatis
825 1814 1018 1854 invenire.
1067 1816 1128 1853 Ac
1152 1814 1221 1853 ille
1248 1812 1411 1867 quidem

186 1868 241 1908 ad
266 1870 451 1925 analyfim
473 1871 641 1910 recurrit
658 1904 668 1922 ‚
692 1885 763 1910 nos
782 1869 832 1910 ad
853 1871 982 1910 nostra
1002 1869 1179 1914 infinita;
1202 1870 1307 1910 unde
1326 1885 1412 1909 me·-

187 1925 337 1964 thodus
361 1928 484 1977 illius,
507 1941 550 1967 nt
575 1927 768 1982 plerisque
797 1927 968 1968 invent-is
991 1927 1196 1981 analyticis
1217 1926 1411 1976 acccidit,

185 1982 456 2022 abstrufiffima
479 1984 532 2022 est
546 2017 556 2033 ,
580 1983 820 2023 subtiliffima
835 2017 846 2030 ‚
867 1997 985 2038 atque
1010 1983 1291 2037 elegantiffima
1311 2002 1318 2023 :
1343 1999 1413 2022 no-

189 2040 270 2080 stra
285 2039 436 2092 aliquot
450 2040 640 2079 mensibus
654 2041 844 2094 posterior
859 2073 870 2088 ,
884 2040 1095 2095 fimplicior
1111 2039 1229 2080 evasit
1243 2071 1251 2085 ‚
1266 2048 1306 2081 δε
1322 2040 1412 2078 uni-

191 2096 382 2137 versalior
396 2116 405 2141 3
432 2096 516 2150 quo
537 2095 580 2135 fit
604 2109 647 2135 ut
665 2097 813 2137 caeteris
835 2099 1000 2150 collata,
1024 2096 1148 2152 magis
1172 2096 1286 2135 nobis
1315 2097 1413 2136 atri-

235 2163 320 2195 Rec.
335 2153 379 2194 de
395 2153 542 2195 l¹Acad.
555 2161 657 2194 Tam.
671 2160 732 2194 VJ.
1169 2153 1200 2191 L
1212 2152 1252 2191 11
