1915 2663
485 202 560 241 364
816 185 916 225 ‚DE
965 185 1332 225 Tnocuoioss.

481 251 519 287 ssi
541 247 644 297 rota,
664 247 742 298 ejus
765 246 994 287 trochoides
1021 247 1340 287 denominabitur
1362 245 1383 284 ὲ
1407 246 1493 285 τοτὲ
1513 246 1688 299 prolata,

480 304 712 357 diceturque
724 304 937 343 trochoides
958 306 1217 358 rotreprolatte.
1249 304 1381 358 Spatia
1394 334 1404 351 ‚
1418 302 1522 341 bases
1537 334 1547 350 ‚
1566 309 1606 343 &
1619 317 1694 341 cae-

480 371 562 399 tera
585 359 634 399 ad
655 360 752 413 ipsas
779 359 1005 398 trochoides
1030 359 1269 412 pertinentia
1287 393 1296 409 ‚
1317 372 1444 398 curvae
1473 358 1546 396 suae
1569 356 1695 396 deno-

480 416 743 455 minationem
763 415 975 455 sortiantur
1000 433 1007 454 :
1033 427 1072 454 at
1084 414 1251 454 circulus
1273 414 1352 468 ipse
1372 414 1476 453 circa
1495 428 1605 452 axem
1620 426 1697 468 tro-¹

481 471 637 511 choidis
668 485 858 526 tanquam
884 471 990 510 circa
1016 470 1254 511 diametrum
1280 470 1517 523 descriptus,
1542 469 1696 509 dicatur

481 527 650 568 circulus
674 528 745 567 suae
768 526 973 567 trochoidi
995 526 1187 581 proprius.
1535 536 1537 539 “

538 587 589 624 Et
608 585 701 639 quia
719 584 849 638 positis
870 584 916 623 iis
938 598 1022 637 quae
1045 584 1123 634 jam
1143 582 1246 623 dieta
1268 582 1354 621 sunt
1368 613 1378 631 ‚
1395 581 1553 634 concipi
1573 583 1698 635 potest

479 641 622 695 duplex
647 654 742 680 rotae
774 653 903 680 motus
928 640 1129 679 circularis
1145 672 1155 689 ‚
1177 651 1293 693 prout
1317 649 1444 676 motus
1468 637 1608 676 circuli
1626 639 1698 677 cir-

479 712 524 736 ca
547 710 726 737 centrum
749 696 921 750 intelligi
943 697 1067 750 potest
1086 695 1171 735 fieri
1191 694 1240 734 ad
1263 695 1366 733 hanc
1397 695 1457 733 vel
1479 694 1588 732 illam
1608 708 1699 747 par-

480 766 560 792 tem
584 773 592 793 :
612 769 683 793 nos
709 768 798 792 eum
828 752 1073 802 affumimus,
1096 752 1164 806 qui
1187 751 1282 790 rotis
1303 749 1578 793 communibus
1597 764 1698 790 con-

478 810 613 860 venit,
634 825 713 863 quo
738 808 899 863 quidem
921 823 1032 848 motu
1052 824 1137 863 pars
1160 807 1326 847 interior
1343 805 1695 857 circumferentiae‚

480 866 573 919 puta
594 881 679 919 quae
701 866 853 915 adjacet
873 865 946 904 viae
970 879 1086 915 rotae,
1114 863 1237 904 fertur
1258 878 1339 903 non
1366 862 1415 902 ad
1437 862 1590 902 easdem
1607 877 1698 917 par-

479 935 543 960 ter*
564 922 613 961 ad
635 936 729 974 quas
753 936 933 960 centrum
954 921 1083 960 tendit
1102 934 1212 959 motu
1233 921 1337 959 πρᾶο
1352 952 1362 968 ,
1385 918 1448 958 sed
1471 918 1695 960 adcontra-

478 978 554 1017 rias
573 998 581 1021 3
607 978 783 1030 superior
802 990 932 1016 autem
950 990 1045 1016 rotae
1068 992 1152 1030 pars
1174 991 1258 1030 quae
1279 976 1350 1014 viae
1363 976 1441 1024 ejus
1460 975 1696 1028 opponitur,

480 1033 604 1073 fertur
628 1032 839 1073 secundum
859 1047 1011 1072 motum
1039 1034 1177 1072 centri.
1223 1032 1305 1070 Hie
1329 1031 1435 1070 enim
1456 1045 1584 1070 motus
1609 1046 1698 1071 om-

478 1091 590 1129 nium
610 1103 786 1129 rotarum
807 1089 1052 1144 physicarum
1075 1088 1251 1143 proprius
1275 1087 1328 1126 est
1347 1095 1385 1129 &
1406 1087 1530 1127 veluti
1543 1099 1699 1128 natura-

476 1147 544 1190 lis;
579 1148 675 1186 alter
714 1159 845 1186 autem
876 1146 1005 1185 eidem
1024 1145 1244 1185 contrarius
1265 1144 1340 1194 est,
1359 1143 1484 1184 veluti
1501 1143 1698 1184 violentus

479 1210 520 1244 δέ
546 1216 686 1242 contra
718 1215 900 1242 naturam
930 1215 1024 1242 rotae
1052 1222 1060 1243 ;
1092 1198 1333 1256 geometrice
1369 1213 1502 1239 tamen
1532 1213 1711 1254 uterque*

478 1259 716 1298 considerari
744 1260 869 1314 potest
883 1292 893 1308 ‚
916 1274 989 1299 nec
1014 1260 1089 1298 alia
1107 1259 1209 1298 inter
1230 1256 1458 1296 trochoides
1480 1271 1564 1309 quae
1582 1257 1631 1296 ab
1642 1257 1698 1311 ip-

480 1315 523 1354 fis
546 1316 722 1355 orientur
738 1349 748 1366 ‚
777 1315 932 1355 accidet
956 1313 1204 1363 differentia,
1228 1313 1299 1352 nisi
1325 1312 1434 1366 quod
1461 1327 1545 1365 quae
1569 1326 1697 1366 partes

480 1384 593 1411 erant
622 1372 736 1410 unius
760 1384 942 1410 extremae
970 1371 1011 1409 in
1034 1371 1154 1409 altera
1173 1402 1183 1419 ,
1210 1368 1356 1408 eaedem
1384 1381 1498 1407 erunt
1528 1368 1694 1415 mediae3

481 1426 602 1479 spatia
629 1440 760 1467 autem
781 1427 900 1481 longe
920 1425 1104 1466 different
1127 1425 1217 1465 cum
1242 1425 1365 1478 figura
1386 1423 1470 1464 turn
1495 1426 1696 1479 magnitu-

483 1483 599 1534 dine,
622 1483 687 1522 sed
709 1484 801 1537 quia
829 1498 951 1523 unum
982 1483 1057 1522 erit
1083 1483 1208 1522 veluti
1232 1482 1567 1535 complementum
1596 1483 1696 1520 alte-

481 1540 583 1589 rius,
604 1538 695 1578 ideo
724 1554 771 1578 ex
794 1555 874 1578 uno
897 1552 994 1578 noto
1020 1538 1174 1578 dabitur
1197 1539 1363 1577 alterum
1383 1558 1391 1582 3
1420 1552 1539 1591 quam
1560 1537 1696 1591 specu*-

481 1595 674 1635 lationem
696 1610 768 1634 nos
789 1595 830 1634 in
852 1594 960 1634 aliud
980 1609 1131 1649 ternpus
1158 1594 1406 1634 remittimus.
1437 1593 1603 1646 Agimus
1626 1609 1695 1633 au-

483 1664 563 1691 tem
589 1651 656 1691 hic
677 1651 726 1690 de
747 1650 959 1691 trochoide
978 1664 1073 1691 rotae
1094 1664 1174 1690 tam
1197 1648 1516 1704 simplicisquam
1535 1652 1696 1704 prolatae

479 1715 521 1749 δε
549 1710 783 1757 contractae,
803 1707 868 1747 sed
894 1721 1007 1747 motu
1028 1707 1232 1747 communi
1253 1720 1348 1746 rotae
1371 1705 1533 1760 physicae
1552 1720 1691 1757 motae,

478 1779 524 1804 ac
552 1763 601 1803 de
623 1766 667 1804 ea
687 1772 727 1806 δε
749 1764 798 1803 de
820 1764 943 1818 spatio
971 1765 1049 1815 ejus
1072 1763 1272 1818 sequentia
1297 1763 1543 1802 enuntiamus
1560 1763 1691 1802 Theo-

477 1833 627 1861 remata
646 1853 658 1870 ,
690 1835 860 1874 quorum
889 1836 974 1874 pars
1006 1821 1132 1859 statim
1158 1819 1485 1859 demonstrabitur
1506 1839 1514 1862 3
1538 1819 1690 1873 reliqua

477 1890 609 1917 autem
630 1891 717 1930 pars
741 1892 827 1930 quse
848 1876 1078 1930 longissimae
1107 1884 1145 1918 δι
1167 1875 1387 1915 acutiffimae
1417 1874 1693 1928 speculationis

478 1934 553 1984 est‘,
565 1945 790 1987 opportuno
805 1946 982 1986 tempore
995 1933 1101 1972 suam
1122 1932 1368 1971 nanciscetur
1388 1930 1693 1971 demonstratio-

480 2005 595 2041 nem,
618 2004 738 2043 quam
759 1988 919 2042 quidem
942 1988 962 2027 ὲ
984 1989 1097 2028 nobis
1124 1989 1329 2029 inventam
1359 1994 1426 2038 (ut
1447 2000 1586 2027 caetera
1606 2001 1691 2040 quae

480 2046 677 2086 :idiotam
698 2046 897 2099 pertinent
912 2050 923 2094 )
944 2060 991 2084 eo
1004 2045 1123 2099 usque
1145 2046 1356 2085 retinemus
1370 2043 1500 2085 donec(
1509 2058 1576 2099 per
1589 2055 1703 2090 tem-

477 2117 548 2156 pus
568 2102 685 2144 liceat
703 2102 904 2158 integrum
925 2117 1020 2157 opus
1043 2101 1272 2156 producere.⁷
