1915 2663
445 165 520 206 196
575 157 652 195 DE
684 151 1095 197 Rubro-mom
1127 153 1356 205 AEQUArr
1375 151 1544 194 oNtJM'.

438 217 473 256 ri
496 216 591 254 solet
609 229 657 254 an
680 214 869 265 ejusmodi
888 216 967 254 loci
989 228 1068 254 tarn
1085 215 1191 268 plani
1203 215 1319 268 quam
1337 214 1505 257 solidi&
1521 216 1656 254 linea-

438 286 498 310 res
516 304 525 320 ‚
544 285 678 309 omnes
700 272 742 310 in
761 272 983 311 universum
1002 271 1235 324 geometrici
1249 271 1330 310 dici
1341 271 1509 310 debeant
1524 294 1536 321 ‚-
1551 272 1646 310 exti-

441 338 573 365 terunt
600 342 682 365 non
709 327 823 380 pauci
851 327 953 365 inter
986 329 1218 365 Geometras
1240 328 1362 381 vulgo
1388 327 1514 367 habiti
1534 359 1546 378 ,
1577 325 1648 380 qui

440 395 576 435 praeter
594 383 702 420 locos
717 384 875 436 planos,
889 383 1016 420 nullos
1038 382 1135 419 alios
1164 381 1424 423 admittebant
1437 415 1448 430 ,
1470 397 1514 422 ac
1531 394 1647 422 caete-

439 452 502 477 ros
518 441 737 491 tanquam}
749 438 981 477 Geometria
996 436 1148 491 prorsus
1166 437 1314 477 alienos
1331 439 1559 493 respuebant
1569 471 1579 488 ‚
1593 437 1648 476 ita

438 506 483 531 ut
508 494 710 547 problema
731 493 898 547 quodvis
920 493 1133 532 insolutum
1153 493 1418 533 existimarent
1429 493 1564 547 ‚quod
1586 493 1650 532 be-

438 549 584 588 neficio
607 552 787 589 locorum
806 552 1012 604 planorum
1041 549 1139 588 solvi
1164 564 1246 589 non
1268 548 1410 603 posset,
1438 562 1649 602 quantum-

441 620 611 659 cumque
632 605 739 645 idem
763 619 828 645 aut
851 621 917 660 per
936 607 1044 644 locos
1058 603 1200 644 solidos
1223 618 1289 644 aut
1308 620 1374 659 per
1395 605 1559 644 lineares
1580 605 1652 644 sol-

442 676 466 700 v
471 674 623 701 eretur:
638 661 730 701 ideo
746 677 827 701 non
843 663 907 701 abs
927 676 968 700 ie
990 659 1109 700 fuerit
1126 661 1202 700 hoc
1218 663 1308 700 loco
1326 660 1540 723 disquirere
1555 661 1651 714 quid

441 718 726 770 geometricum
740 717 866 771 ‚quid
892 717 986 758 νοιὸ
1009 716 1172 756 minime
1195 717 1481 771 geometricum
1503 716 1653 756 censeri

440 772 605 820 debeat,
627 774 757 827 positis
778 787 910 813 tamen
930 773 976 812 iis
998 773 1178 812 omnibus
1191 788 1275 826 quae
1289 773 1431 827 vulgo
1422 787 1465 812 in
1477 774 1651 813 elemen-

441 829 488 868 tis
515 806 696 869 omnibus
720 830 970 883 geometricis
989 828 1146 868 admitti
1163 829 1298 869 solent.
1695 876 1707 888 ·

497 884 595 924 Sane
618 886 660 924 in
679 886 902 925 universum
917 918 926 934 ‚
948 885 1106 938 quaestio
1129 885 1182 924 est
1197 884 1246 924 de
1265 886 1428 925 nornine
1441 919 1450 936 ‚
1463 899 1507 925 ut
1523 885 1651 925 mani-

442 939 540 979 festo
567 954 693 993 patet:
709 954 842 979 tamen
855 973 865 990 ,
885 941 977 994 quia
997 941 1112 980 multi
1131 955 1206 994 prae
1228 943 1452 995 arrogantia
1466 975 1476 991 ,
1499 957 1544 980 ea
1563 957 1651 982 om-

443 996 509 1034 nit
535 995 721 1036 damnare
740 996 1027 1036 consueverunt
1046 1011 1130 1049 quae
1144 997 1355 1049 ignorant,
1373 1012 1422 1036 ne
1443 997 1591 1035 scilicet
1611 1012 1652 1036 re

444 1052 614 1104 quadam
631 1053 791 1103 alicujus
815 1053 930 1106 pretii
964 1052 1111 1106 privari
1131 1051 1359 1097 videantur3
1384 1067 1428 1091 ac
1458 1052 1506 1091 fic
1530 1053 1654 1091 multa

444 1108 630 1162 respuunt
654 1124 738 1161 quae
758 1109 781 1147 a'
800 1109 923 1147 doe‘tis
940 1108 1203 1147 communiter
1223 1108 1477 1161 recipiuntur.

500 1168 558 1204 Ut
578 1164 716 1203 talium
734 1164 781 1203 fic
802 1164 942 1204 leviter
955 1163 1021 1202 sub
1032 1163 1211 1217 appositis
1230 1164 1295 1202 suo
1316 1164 1436 1203 modo
1461 1163 1560 1202 falsis
1584 1179 1654 1203 no-

446 1220 616 1259 minibus
642 1235 699 1259 res
724 1220 845 1259 bonas
870 1218 1141 1258 damnantium
1160 1220 1351 1260 malitiam
1365 1220 1492 1273 quivis
1507 1220 1653 1259 verita-

447 1276 495 1315 tis
518 1275 705 1315 studiosus
730 1276 856 1316 vitare
877 1276 1006 1330 poffic,
1020 1275 1127 1314 lubet
1145 1291 1227 1316 rem
1249 1276 1402 1329 ipsama
1423 1275 1654 1315 fundamen-

446 1332 494 1371 tis
519 1332 735 1382 resumere,
765 1333 903 1386 quibus
929 1332 1161 1381 intelleffls‚
1188 1331 1304 1372 facile
1334 1333 1409 1371 erit
1433 1332 1654 1386 cuicunque

446 1388 753 1441 propositionem
775 1388 997 1442 aliquamg
974 1365 1214 1428 oeometr'ice
1242 1401 1308 1427 aut
1334 1387 1438 1427 secus
1462 1388 1653 1438 solutam,

446 1443 593 1484 temere
616 1443 828 1483 affirmanti
848 1457 914 1483 aut
933 1444 1096 1497 neganti
1123 1444 1382 1498 respondere,
1405 1457 1521 1497 atque
1541 1444 1655 1497 ipfius

444 1499 749 1539 affirmationem
762 1512 828 1538 aut
843 1500 1097 1553 negationem
1111 1499 1270 1550 falsam,
1288 1503 1440 1550 levem,
1454 1513 1520 1539 aut
1531 1513 1656 1539 teme-

441 1555 588 1594 rariam
611 1554 686 1594 effe
701 1589 712 1606 ‚
732 1570 779 1594 ex
799 1555 911 1609 ipsius
935 1555 1104 1595 scientiae
1132 1557 1334 1611 principiis
1355 1556 1559 1597 evidenter
1585 1556 1657 1596 de-

442 1612 670 1651 monstrare.

497 1670 558 1707 Ac
573 1666 745 1722 primum
756 1668 934 1708 omnium
949 1683 1050 1708 conv
1055 1669 1137 1708 enit
1148 1668 1429 1723 propositiones
1441 1669 1657 1709 arithmeti«

442 1737 506 1763 cas
529 1739 550 1762 a
573 1725 823 1776 geometricis
844 1724 1101 1778 distinguere,
1118 1724 1306 1778 siquidem
1324 1725 1410 1764 illas
1432 1725 1655 1763 arithmeti-

442 1777 510 1829 (τὲ,
534 1779 612 1818 hoc
643 1779 696 1818 est
715 1794 782 1833 per
807 1780 1055 1833 operationes
1084 1781 1158 1820 five
1181 1782 1332 1833 regulas
1359 1780 1651 1823 arithmeticas;

442 1836 511 1874 has
528 1836 624 1875 verb
638 1835 901 1889 geometrice
917 1836 992 1874 hoc
1006 1836 1058 1875 est
1071 1850 1136 1888 per
1150 1838 1258 1874 locos
1272 1850 1389 1889 geon
1392 1836 1556 1886 tetricos,
1578 1837 1656 1875 sol-

442 1890 483 1930 vi
509 1891 816 1931 consentaneum
839 1891 914 1940 est,
938 1903 981 1929 ut
1002 1890 1136 1930 debito
1159 1891 1223 1930 seu
1251 1892 1430 1945 legitimo
1453 1892 1573 1931 modo
1599 1892 1654 1931 so—

442 1948 532 1986 lutae
548 1946 628 1986 dici
640 1946 819 1988 debeant.
852 1948 996 2000 Neque
1015 1960 1146 1986 tamen
1163 1962 1348 2001 negamus
1370 1948 1550 2001 utrasque
1565 1962 1654 2000 ope-

442 2016 527 2042 ram
549 2003 616 2042 fibi
639 2017 816 2044 mutuam
840 2004 1009 2058 praebere
1023 2036 1032 2053 ,
1047 2017 1090 2042 ac
1107 2003 1173 2042 fibi
1186 2004 1359 2043 invicem
1379 2004 1581 2048 auxiliari,
1595 2002 1654 2042 id«

443 2072 520 2111 que
549 2059 821 2115 multipliciter
847 2079 857 2106 ς
889 2059 997 2114 quod
1026 2058 1118 2101 ideo
1149 2074 1233 2102 non
1265 2059 1432 2116 impedit
1450 2074 1500 2115 ng
1525 2058 1652 2113 arithg
