1915 2663
443 133 519 178 176
566 124 640 162 DE
678 121 1096 160 Rsssornrmnr
1129 119 1553 171 AEQrAmoNuMI

440 188 655 243 parallelas.
687 187 841 225 Caetera
861 185 978 225 facile
999 186 1273 240 intelligentur
1292 184 1340 224 ab
1363 201 1410 226 eo
1423 187 1491 241 qui
1507 185 1658 227 doetrss

440 259 498 283 nae
526 241 677 281 Infiniti
696 243 739 282 in
761 243 992 282 Geometria
1016 241 1191 282 assuevit.

496 297 687 338 Similiter
702 331 712 347 ‚
725 299 751 336 si
763 299 977 351 praecipuus
991 297 1102 337 focus
1121 302 1157 338 A
1169 297 1323 338 infinite
1333 298 1448 338 distet
1463 299 1511 337 ab
1531 301 1654 339 altero

438 354 532 394 foco
548 357 590 403 B,
602 368 651 392 ex
663 354 785 392 altera
797 366 905 407 parte
917 352 1047 393 versus
1058 353 1268 393 secundum
1277 356 1467 394 verticem
1482 357 1511 393 E
1526 389 1536 405 ,
1550 355 1659 397 idem

436 410 606 450 omnino
620 409 774 448 accidet
789 409 897 464 quod
908 410 1065 460 jamjam
1077 408 1246 448 diximus
1260 442 1270 459 ‚
1283 410 1490 450 cumidem
1503 410 1659 452 infinit&

435 465 598 505 distaret
606 464 737 506 versus
750 467 798 510 C;
813 481 905 505 nam
916 480 962 504 ex
974 465 1154 505 doetrina
1166 464 1327 516 infiniti,
1338 465 1443 506 idem
1454 463 1507 506 est
1516 467 1658 508 distare

437 521 594 562 infinite
617 522 817 572 verscisC,
838 538 882 562 ac
901 522 1042 562 distare
1060 520 1214 561 infinite
1235 520 1284 561 ad
1293 523 1509 562 contrarias
1531 537 1658 577 partes

439 577 572 619 versus
592 580 622 617 E
639 597 646 618 ε
662 578 770 632 quod
782 577 869 618 sane
889 579 966 618 illis
985 578 1053 632 qui
1069 578 1140 617 tali
1163 577 1352 617 doetrinae
1364 578 1528 618 minime
1542 579 1660 618 affue-

440 633 536 674 facffi
555 634 641 674 sunt
661 635 806 676 mirum
828 634 956 676 videri
980 635 1077 674 solet
1094 666 1104 685 ,
1123 642 1163 676 &
1177 635 1372 689 plerisque
1385 634 1559 674 absolute
1583 635 1657 677 im-

439 691 627 746 posslbile.

497 749 677 801 Apparet
698 762 793 801 ergo
816 762 863 787 ex
888 747 997 803 supi-32
1022 748 1133 788 diffis
1149 781 1159 798 ,
1185 748 1227 787 id
1250 748 1358 802 quod
1382 749 1582 802 hueusque
1602 750 1664 789 la-'

439 801 554 842 tuisse
577 804 785 857 opinamur
799 837 809 854 ,
834 819 975 857 nempe
997 804 1039 843 in
1060 804 1182 858 ellipsx
1209 805 1349 843 conica
1367 837 1376 853 ‚
1392 804 1582 858 quatenus
1609 806 1660 844 il-

440 860 480 897 la
513 858 563 897 ad
589 860 844 912 Dioptricam
872 859 1011 900 referri
1045 861 1194 914 potest,
1225 873 1302 900 tres
1322 861 1494 914 intelligi
1519 860 1661 900 debere

440 913 554 954 focos
581 947 590 963 ‚
616 914 713 954 duos
750 915 900 954 scilieet
925 916 1126 966 internos,
1157 924 1198 957 ὃς
1220 931 1343 955 unum
1366 930 1569 956 externum
1593 916 1664 971 qui

441 969 597 1009 infinite
622 970 736 1009 distet
759 971 780 1009 Ξ).
802 972 942 1025 quovis
965 986 1012 1011 ex
1029 971 1180 1011 duobus
1201 973 1425 1012 verticibus.
1461 976 1593 1012 Unum
1605 973 1662 1013 di-

440 1026 567 1065 cimus
581 1040 787 1066 externum
804 1059 813 1073 ,
828 1043 911 1066 non
930 1027 1027 1067 duos
1038 1061 1048 1078 ‚
1063 1028 1212 1067 etiamsi
1232 1028 1357 1068 cuivis
1370 1027 1557 1067 do&rinae
1570 1029 1662 1068 infi-

442 1083 520 1121 niti
549 1083 735 1137 imperito
753 1116 764 1132 ,
795 1083 863 1122 ille
885 1084 1048 1123 minime
1069 1099 1187 1134 unus,
1212 1083 1276 1123 sed
1295 1083 1374 1123 duo
1396 1083 1551 1123 infinite
1578 1084 1598 1124 ὲ
1626 1085 1664 1124 se

441 1138 617 1178 invicem
644 1139 827 1178 distantes
853 1138 981 1179 videri
1003 1140 1156 1194 poffint.
1191 1142 1263 1179 Ille
1289 1141 1395 1179 enim
1420 1139 1597 1193 quandiu
1619 1141 1664 1181 in

443 1193 627 1234 distantia
654 1195 764 1235 finita
782 1195 802 1234 Ξι
829 1194 923 1235 foco
952 1199 979 1236 B
1003 1196 1142 1236 distitit
1160 1229 1169 1245 ‚
1193 1209 1237 1234 ut
1258 1195 1390 1250 supra,
1419 1196 1556 1243 unicus
1586 1195 1663 1236 fuit

442 1252 504 1294 A;
534 1250 736 1304 postquhm
765 1265 896 1291 autem
915 1252 1012 1292 abiit
1032 1253 1074 1292 in
1094 1251 1294 1291 infinitum
1317 1250 1447 1291 versus
1475 1253 1510 1291 C
1524 1285 1534 1301 ‚
1555 1251 1664 1292 idem

443 1306 587 1345 eodem
617 1306 738 1346 modo
776 1308 812 1346 se
848 1309 987 1358 habet,
1015 1324 1059 1348 ac
1088 1308 1209 1347 fiuno
1236 1309 1333 1347 saltu
1366 1308 1591 1347 transilierit
1613 1307 1663 1348 ad

445 1363 611 1401 alteram
641 1376 792 1416 partem
811 1363 942 1402 versus
975 1367 1027 1414 E,
1053 1376 1207 1417 paratus
1229 1363 1385 1418 regredi
1413 1364 1460 1402 ab
1490 1365 1559 1403 illa
1572 1379 1663 1417 par-

448 1430 486 1456 te
520 1417 650 1458 versus
684 1420 715 1457 E
745 1418 957 1458 secundum
980 1421 1125 1459 reetam
1148 1419 1293 1458 lineam
1317 1421 1357 1459 N
1374 1421 1400 1457 F
1415 1421 1445 1458 E
1460 1422 1487 1458 B
1502 1452 1513 1469 ,
1543 1421 1663 1473 usque

447 1472 499 1512 ad
516 1476 543 1512 B
562 1473 667 1513 unde
689 1475 842 1514 moveri
865 1489 1065 1529 coeperat:
1087 1476 1211 1515 immo
1229 1509 1239 1525 ,
1268 1475 1343 1515 five
1362 1474 1492 1515 versus
1511 1476 1547 1514 C
1561 1508 1570 1525 ‚
1588 1476 1664 1515 five

447 1528 578 1568 versus
609 1532 640 1568 E
659 1529 814 1569 infinite
838 1530 980 1569 distare
1002 1532 1081 1585 ipse
1103 1531 1373 1584 intelligatur,
1397 1530 1559 1589 perinde
1584 1532 1664 1582 est,

447 1584 557 1638 quod
583 1584 632 1624 ad
651 1586 982 1626 construetionem
995 1588 1164 1642 pertinet
1179 1606 1187 1627 :
1204 1602 1446 1640 quaecunque
1460 1588 1566 1626 enim
1584 1602 1666 1627 rec-

445 1652 485 1679 ta
505 1641 553 1679 ab
573 1655 620 1680 eo
635 1640 727 1682 duci
745 1641 991 1697 intelligetur
1005 1676 1016 1692 ,
1031 1644 1100 1689 illa
1116 1643 1180 1682 axi
1200 1645 1271 1682 CE
1286 1643 1584 1697 semperexistet
1600 1658 1665 1698 pa..

443 1697 592 1738 sallem,

445 1788 448 1790 Α
503 1753 679 1805 Superest
694 1768 797 1793 nune
812 1767 855 1793 ut
873 1755 998 1809 ipsum
1015 1755 1149 1795 focum
1164 1757 1200 1794 A
1218 1755 1505 1795 consideremus
1518 1756 1566 1794 ab
1578 1754 1662 1794 infi-

443 1807 530 1847 mita
546 1808 728 1848 distantia
749 1809 879 1849 versus
904 1814 934 1850 E
958 1811 1249 1864 regredientem
1268 1812 1385 1864 usque
1406 1811 1455 1851 ad
1479 1814 1508 1851 B
1526 1811 1663 1850 secun-

447 1862 542 1905 dum
554 1866 701 1907 metam
713 1866 852 1905 NFEB
869 1899 879 1915 ‚
896 1867 961 1906 hic
981 1867 1086 1906 enim
1099 1867 1212 1906 status
1233 1867 1342 1906 dabit
1363 1870 1472 1907 locos
1491 1868 1580 1907 illos
1593 1867 1664 1921 qui

445 1918 598 1959 duobus
621 1921 783 1975 reliquis
814 1923 1110 1975 particularibus
1133 1923 1276 1962 casibus
1303 1922 1586 1963 resi-afflonum
1605 1924 1662 1963 sa-

445 1974 658 2017 tisfacient.
703 1979 767 2016 De
790 1977 849 2016 his
875 1993 1033 2032 agemus
1053 1978 1205 2033 posted,
1229 1978 1293 2018 sed
1312 1979 1416 2032 prius
1441 1994 1661 2033 operaeprae==

447 2030 550 2076 tium
574 2031 695 2077 fuerit
718 2033 882 2077 statuere
900 2037 1043 2089 pumila
1065 2037 1103 2076 A
1119 2043 1161 2078 δε
1176 2036 1211 2076 C
1227 2035 1325 2087 fixa,
1348 2038 1376 2077 B
1396 2036 1490 2078 ver‘o
1511 2035 1664 2077 mobile

1611 2090 1661 2142 fad
