1915 2663
197 207 295 249 stola
313 207 480 258 lenivit,
504 219 574 261 pro
601 205 669 246 suo
699 206 819 260 genio
855 205 925 260 qui
947 204 1116 245 omnino
1142 205 1247 245 mitis
1272 205 1325 245 est
1347 240 1357 257 ‚
1381 220 1424 248 ut

197 281 248 306 ex
269 266 365 320 stylo
389 265 468 315 ejus
489 264 578 303 satis
602 263 820 318 perspicere
839 262 1030 317 potuistis.
1063 264 1175 314 Jam,
1201 262 1291 302 cum
1314 262 1422 315 dixi,

197 323 358 362 Faterer
384 336 446 360 me
469 321 637 371 debere,
665 320 690 359 s1
714 335 807 361 vera
830 318 973 365 essent3
999 320 1162 374 planum
1184 321 1238 360 est
1257 334 1320 359 me
1342 335 1424 361 non

199 376 434 419 intellexisse
456 377 505 417 de
527 377 654 417 solido
677 377 784 418 circa
806 377 925 417 basim
946 376 1056 431 quod
1080 376 1230 429 jamdiu
1243 390 1335 417 ante
1355 393 1426 417 vos

196 436 392 477 habebam
413 468 424 486 ,
460 442 499 476 δε
525 435 669 475 habere
690 450 753 474 me
784 434 833 475 ad
859 449 928 474 vos
954 434 1201 488 scripseram3
1227 449 1355 489 neque
1380 433 1430 474 de

195 506 338 534 centro
367 491 590 532 trochoidis
606 526 616 543 ,
639 492 747 546 quod
774 491 869 532 dato
889 492 961 531 tali
981 491 1108 531 solido
1122 524 1133 541 ,
1148 491 1225 531 una
1237 505 1327 531 cuin
1344 493 1428 545 pla-

195 564 251 590 no
285 551 408 589 latere
439 564 521 589 non
546 563 713 603 poterat.
759 548 945 588 Intellexi
976 563 1072 602 ergo
1096 547 1146 588 de
1173 549 1212 587 so
1232 547 1298 588 'do
1321 549 1428 589 circa

193 621 312 647 axem
332 621 377 646 ac
396 605 446 646 de
457 619 596 646 centro
611 604 945 647 hemitrochoidis
960 605 1070 659 quod
1080 606 1128 644 ab
1145 620 1192 645 eo
1235 604 1426 666 ependet‚

196 677 285 717 quae
310 663 459 703 etiamfi
477 663 587 704 brevi
608 663 836 703 habiturum
857 677 920 702 me
932 662 1185 702 confidebam
1199 676 1429 713 ,tamanu-

195 734 240 760 re
261 719 589 774 praescriptionis,
611 720 736 760 vestra
755 717 938 770 fuissent,
964 719 990 757 fi
1006 720 1132 760 vestra
1153 720 1221 758 illa
1245 720 1430 759 enuntia-

198 776 258 817 tio
280 792 371 818 cum
399 792 493 817 vero
523 753 780 830 congruisset.
823 776 936 815 Hinc
957 775 1047 815 saue
1069 791 1188 816 nemo
1210 791 1293 815 non
1318 776 1431 816 videt

197 834 365 873 minime
390 832 551 872 difficile
575 831 714 884 fuisse,
738 848 785 872 cx
807 833 935 873 verbis
948 831 1120 886 epistolae
1141 835 1190 872 R.
1206 832 1331 871 Patris
1345 846 1431 886 qua:

197 903 269 930 vos
298 890 416 929 toties
437 889 624 930 citavistis
638 923 648 940 ,
671 905 811 929 verum
831 890 982 928 sensum
1014 891 1174 943 qualem
1195 889 1273 938 jam
1294 889 1430 928 attuli-

195 961 284 988 mus
298 979 309 995 ,
332 947 476 986 elicere
499 964 508 986 ε
533 946 597 985 sed
617 946 749 986 nescio
770 961 850 1000 quo
874 944 958 985 fato
979 945 1094 985 aliter
1107 945 1255 985 accidit
1267 945 1430 985 undelis

197 1002 286 1044 haec
315 1018 386 1058 pro
415 1018 456 1043 re
480 1003 623 1042 nullius
646 1002 729 1043 fere
750 1003 968 1052 momenti,
997 1002 1089 1056 puta
1113 1017 1184 1056 pro
1216 1003 1331 1056 nugis
1352 1018 1428 1042 no-

197 1059 284 1100 stris
299 1092 310 1109 ,
336 1074 380 1099 ut
404 1061 484 1114 ipse
505 1059 601 1114 saepe
626 1060 819 1114 loqueris,
840 1061 943 1099 inter
965 1075 1036 1099 nos
1057 1059 1232 1112 suscepta
1246 1061 1312 1099 est.
1348 1061 1430 1099 Ita-

197 1131 303 1171 que,
330 1132 380 1156 ne
406 1116 504 1171 quid
525 1116 567 1155 in
590 1118 785 1171 posterum
811 1116 933 1156 fimile
957 1115 1136 1165 accidat,
1156 1116 1182 1154 fi
1207 1117 1285 1154 tale
1316 1131 1429 1155 com-

199 1173 397 1214 mercium
415 1174 519 1213 inter
541 1188 613 1213 nos
634 1175 889 1214 continuetur
902 1207 913 1223 ‚
927 1188 999 1213 oro
1013 1188 1082 1213 vos
1095 1172 1323 1227 ubicunque
1335 1187 1430 1226 age-

200 1242 265 1270 tur
291 1229 341 1270 de
361 1230 629 1285 propositione
654 1231 947 1270 Mathematica
968 1230 1075 1279 cujus
1102 1229 1281 1268 discuffio
1302 1228 1351 1268 ad
1367 1244 1431 1269 me

201 1287 418 1341 pertinebit
437 1321 447 1338 ‚
472 1302 521 1327 ne
545 1287 811 1341 cujuscunque
843 1287 967 1326 literis
996 1286 1115 1326 fidem
1135 1286 1335 1337 habeatis,
1360 1286 1431 1326 nifi

198 1357 324 1384 manu
344 1346 431 1384 mea
450 1344 528 1383 illae
546 1344 756 1398 obfignatae
778 1344 849 1383 fint
871 1362 879 1383 :
904 1344 953 1383 fic
978 1344 1086 1383 enim
1107 1343 1175 1382 fiet
1191 1357 1234 1382 ut
1247 1357 1323 1397 ego
1343 1359 1432 1382 mea

201 1413 356 1441 tantum
371 1435 382 1451 ‚
407 1416 490 1441 non
515 1401 637 1440 etiam
666 1402 834 1440 aliorum
852 1399 1020 1455 scripta,
1043 1414 1090 1439 ex
1112 1414 1204 1439 meo
1233 1400 1343 1439 sensu
1366 1400 1430 1439 ina

204 1458 414 1511 terpretari
444 1471 592 1498 tenear.
638 1459 746 1498 Nam
772 1492 783 1509 ‚
818 1473 913 1512 pace
941 1457 1161 1497 amicorum
1183 1457 1262 1496 hoc
1283 1457 1433 1500 dierum

203 1513 284 1552 esto
305 1547 316 1564 ‚
339 1514 413 1553 hac
435 1513 477 1556 in
501 1515 690 1578 materia,
711 1514 784 1555 soli
809 1514 911 1554 mihi
932 1513 1053 1553 fidere
1078 1512 1249 1565 ess'uevi,
1274 1514 1431 1578 jamdu-

203 1568 299 1611 dum
324 1583 528 1625 expertus,
549 1572 782 1625 interpretes
812 1571 1051 1624 plerosque,
1078 1572 1141 1610 vel
1167 1570 1262 1610 dum
1290 1571 1429 1613 amicis

204 1625 379 1667 blandiri
407 1641 618 1682 appetunt,
642 1630 705 1668 vel
733 1628 828 1668 dum
851 1642 933 1667 rem
956 1642 1038 1666 non
1062 1627 1150 1666 satis
1168 1628 1427 1682 intelligunt

203 1684 342 1724 omnia
363 1684 487 1724 literis
508 1684 716 1724 obscurare
738 1701 782 1726 ac
803 1700 937 1739 prosus
957 1683 1196 1724 deformare.
1227 1684 1342 1725 Unde
1360 1687 1431 1740 qui

205 1741 303 1780 tales
326 1741 458 1782 literas
482 1742 704 1796 accipiunt,
725 1742 806 1793 illi,
821 1742 917 1782 dum
941 1743 1003 1781 vel
1024 1741 1177 1796 placitis
1193 1741 1371 1782 laudibus
1385 1758 1431 1783 ac

205 1796 410 1839 blanditiis
423 1797 540 1839 avide
552 1799 647 1838 sese
638 1799 1088 1855 ingi11·gita11t‚velquod
1098 1799 1304 1840 obscurum
1317 1800 1371 1839 est
1380 1799 1432 1840 ad

206 1855 395 1908 placitum
413 1856 480 1896 fibi
502 1856 652 1897 sensum
662 1856 924 1911 detorquent,
939 1856 982 1895 fit
1007 1855 1222 1897 necessario
1233 1870 1277 1896 ut
1292 1857 1433 1899 &scri-

209 1910 337 1951 bentis
355 1921 395 1955 δε
415 1913 534 1966 primi
550 1914 727 1954 authoris
742 1930 880 1954 verum
898 1913 1047 1953 sensum
1061 1913 1179 1969 longe
1195 1915 1434 1967 relinquant,

210 1970 273 2008 Ac
294 1968 518 2019 hujusmodi
541 1970 704 2024 quidem
726 1972 1020 2011 allucinationis
1037 1973 1259 2026 exemplum
1273 1969 1434 2011 afferam

207 2039 260 2066 ex
275 2027 350 2065 tuis
370 2026 483 2081 ipfius
497 2027 652 2074 litteris,
671 2044 718 2068 ex
737 2029 898 2084 proptio
911 2043 979 2068 tuo
995 2028 1116 2080 sensu,
1129 2029 1228 2068 fine
1219 2041 1436 2083 interprete

210 2081 325 2126 adR.
340 2084 382 2125 P.
393 2084 652 2127 Mersennum
667 2085 838 2141 scriptis,
860 2087 903 2128 in
923 2086 1062 2141 quibus
1077 2087 1159 2129 haec
1173 2087 1326 2128 habes·
1346 2086 1435 2128 Tibi
