1915 2663
487 174 563 211 372
851 157 927 194 DE
976 155 1341 200 Tssocflo1t>ss0

843 262 1123 313 corollarium
1150 283 1355 334 quartum.

623 388 639 426 I
656 401 683 427 N
697 401 721 428 c
755 400 941 441 praeterea
961 389 1111 428 clarum
1134 390 1187 428 est
1202 389 1324 444 ipsam
1344 391 1595 432 trochoidem
1618 407 1710 437 nom

619 442 693 483 effe
717 444 864 484 lineam
893 448 1039 485 rectam
1064 460 1137 485 nec
1164 460 1211 484 ex
1232 446 1377 487 duabus
1405 449 1516 489 rectis
1535 464 1702 502 compo-

485 501 829 556 115a1n,fiquide1n
853 502 920 541 illa
947 502 967 542 ὲ
987 503 1130 555 puncto
1163 505 1198 541 A
1230 504 1411 557 pervenit
1441 505 1490 544 ad
1517 508 1704 560 punctum

485 558 529 597 H
544 591 554 607 ,
578 572 651 598 nec
674 571 808 598 tamen
829 559 1051 613 ingreditur
1075 572 1140 598 aut
1162 559 1264 599 secat
1284 561 1477 600 circulum
1500 563 1703 615 proprium

485 615 566 654 FX
584 616 626 654 H
641 648 652 666 ,
671 630 790 669 quem
818 616 964 655 secaret
988 614 1204 655 necess'arib
1230 616 1255 654 fi
1279 618 1382 656 reeta
1403 615 1496 656 esset
1517 617 1538 657 ὲ
1559 620 1715 671 puncto-

485 674 523 710 A
550 669 599 710 ad
624 675 811 726 punctum
835 673 879 712 H
895 706 905 723 ‚
929 673 1003 713 sive
1025 672 1045 712 Ξι
1068 674 1212 727 puncto
1226 674 1267 712 H
1286 673 1335 714 ad
1351 675 1538 728 punctum
1551 676 1582 713 L
1597 691 1609 714 ;
1622 688 1708 714 non

485 727 539 766 est
561 729 658 782 erge
680 731 804 779 recta,
828 744 901 769 nec
929 744 976 768 ex
996 729 1144 769 duabus
1163 730 1274 769 rectis
1291 730 1519 785 compofita.

543 785 669 840 Quod
690 799 822 825 autern
842 786 1106 839 cujuscunque
1126 787 1346 827 trochoidis
1365 789 1474 827 nulla
1494 802 1580 842 pars
1593 788 1707 828 lineae

485 843 598 880 refftae
629 857 850 896 congruere
877 843 1011 896 poffit‚
1035 842 1099 882 sed
1125 858 1261 882 omnes
1284 857 1411 898 partes
1444 844 1516 883 fint
1544 859 1672 884 curvae
1695 877 1707 894 ,

486 910 605 950 atque
629 898 783 951 penitus
809 899 857 937 ab
889 899 975 938 aliis
1002 899 1297 953 quibuscunque
1326 901 1454 940 curvis
1479 901 1557 940 huc
1587 899 1708 954 usque

486 954 591 992 notis
616 954 776 994 diversae
791 988 802 1005 ‚
829 954 1088 995 demonstrari
1112 954 1273 1009 quidem
1297 958 1445 1011 potest,
1460 956 1525 996 sed
1538 955 1708 996 demon-

485 1010 620 1050 stratio
643 1012 764 1066 longa
785 1011 838 1051 est
860 1018 901 1053 &
921 1009 1092 1051 difficilis
1106 1044 1116 1061 ,
1135 1026 1262 1065 neque
1283 1014 1396 1064 hujus
1418 1013 1498 1052 loci
1513 1046 1523 1063 ‚
1547 1012 1718 1066 quando*

485 1067 647 1120 quidem
668 1068 718 1108 ad
741 1083 787 1108 ea
808 1082 893 1123 quae
913 1067 1154 1108 intendimus
1183 1083 1266 1108 non
1290 1070 1518 1124 requiritur.

840 1180 1121 1229 corollarium
1147 1188 1351 1250 quintum.

626 1300 662 1337 U
677 1315 690 1338 1
707 1312 732 1337 A
765 1298 807 1338 in
828 1297 1080 1338 antecedenti
1102 1299 1375 1353 Propositione
1399 1301 1585 1353 punctum
1606 1307 1627 1340 6
1649 1298 1705 1337 eff

629 1354 744 1394 seecio
761 1355 982 1395 communis
993 1357 1105 1394 re&ae
1118 1356 1308 1396 ordinatae
1322 1358 1404 1395 YD
1419 1363 1459 1398 δε
1473 1358 1584 1395 refice
1600 1360 1620 1396 8
1632 1371 1658 1406 7
1670 1371 1706 1403 9,

486 1425 572 1463 qux
597 1414 649 1449 est
670 1410 862 1451 diameter
887 1411 1026 1451 circuli
1052 1416 1071 1452 8
1086 1414 1122 1450 Y
1136 1428 1180 1462 9,
1195 1412 1263 1466 qui
1281 1412 1557 1452 concentricus
1577 1412 1629 1450 est
1651 1426 1711 1450 ro-

486 1479 534 1505 tae
545 1466 600 1505 ita
612 1467 742 1520 pofitae
754 1501 764 1517 ‚
778 1481 822 1506 ut
842 1481 1024 1507 centrum
1035 1468 1135 1507 illius
1148 1468 1192 1507 fit
1205 1485 1229 1521 7
1244 1487 1253 1509 :
1268 1469 1292 1507 fi
1305 1469 1551 1523 intelligatur
1565 1468 1642 1507 alia
1656 1479 1718 1505 at*

487 1538 565 1576 que
586 1523 664 1562 alia
686 1524 827 1577 positio
847 1537 942 1563 rotae
966 1524 1014 1563 ab
1032 1524 1150 1563 initio
1169 1524 1297 1565 motus
1320 1525 1448 1565 donec
1466 1537 1645 1564 centrum
1660 1523 1712 1562 ilo

485 1580 561 1619 lius
580 1580 818 1633 percurrerit
836 1582 983 1620 rectam
1007 1581 1101 1628 ΕΚ,
1126 1580 1377 1621 manifestum
1395 1583 1448 1621 est
1467 1580 1573 1621 aliud
1594 1593 1712 1634 atque

487 1636 596 1675 aliud
619 1635 706 1675 fore
723 1637 849 1691 ipsum
872 1639 1059 1691 punctum
1081 1645 1126 1681 6;
1149 1637 1353 1692 ipsumque
1370 1638 1522 1678 moveri
1535 1638 1712 1691 incipere

489 1691 510 1732 ὲ
534 1695 680 1746 puncto
709 1697 744 1733 A
764 1727 774 1744 ‚
797 1702 838 1735 δε
862 1694 904 1733 in
930 1693 1062 1733 medio
1091 1707 1222 1734 motus
1251 1695 1415 1750 integrae
1443 1694 1710 1735 converfionis

487 1762 609 1800 rotae,
643 1749 749 1789 idem
777 1751 983 1804 pervenire
1007 1750 1056 1790 ad
1077 1753 1263 1805 punctum
1289 1752 1355 1803 H,
1381 1765 1498 1805 atque
1526 1750 1625 1789 adeo
1647 1750 1709 1803 ip-

490 1805 572 1845 sum
605 1804 700 1845 ferri
730 1805 943 1846 secundum
972 1807 1118 1847 lineam
1140 1807 1339 1861 quandam
1361 1811 1397 1847 A
1413 1809 1488 1848 6H
1513 1807 1709 1847 secantem

486 1864 635 1902 retiam
659 1864 729 1902 EK
753 1863 794 1902 in
823 1865 966 1917 puncto
990 1867 1040 1904 V.
1072 1863 1198 1918 Qubd
1221 1864 1246 1903 fi
1270 1864 1378 1904 idem
1401 1862 1495 1904 ferri
1514 1863 1712 1916 intelliga-

490 1930 553 1957 tur
578 1918 599 1958 ἒι
618 1920 761 1973 puncto
786 1921 828 1959 H
845 1919 894 1959 ad
913 1922 1100 1974 punctum
1120 1923 1151 1959 L
1165 1954 1176 1971 ,
1189 1919 1256 1959 fiet
1276 1921 1427 1975 reliqua
1445 1919 1608 1960 dimidia
1623 1934 1710 1974 pars

489 1974 660 2024 ejusdem
682 1991 794 2017 novae
822 1977 958 2027 lineae,
982 1977 1110 2017 secans
1135 1979 1282 2017 reetarn
1307 1979 1375 2017 KP
1396 1978 1439 2017 in
1464 1978 1608 2032 puncto
1635 1991 1705 2018 105

490 2045 609 2085 atque
626 2031 717 2072 ideo
739 2033 820 2088 ipsa
838 2034 993 2091 integrp
1012 2034 1087 2074 erit
1101 2036 1175 2074 AV
1191 2043 1213 2075 6
1225 2035 1268 2073 H
1289 2050 1334 2075 10
1348 2037 1399 2087 L,
1423 2034 1526 2075 hanc
1546 2047 1617 2074 nos
1632 2046 1706 2072 ve-

489 2100 622 2140 rtamus
644 2090 854 2133 trochoidis
876 2095 1069 2143 comitem,
1087 2091 1313 2146 seu-sociam„
