1915 2663
467 136 550 183 ‘146
596 129 671 168 DE
707 122 811 166 Rrs
831 122 1128 165 OL'UTrONE
1160 123 1388 177 AEQJArt
1408 138 1584 166 ONUM.

467 190 503 227 C
515 219 525 236 ,
541 197 658 237 atque
675 180 725 221 ad
740 180 908 221 eandem
923 183 1048 221 erecta
1062 181 1379 236 perpendiculari
1399 183 1501 222 retra
1521 180 1692 236 quadam

464 238 719 294 longitudine
749 238 840 279 data
865 241 945 279 AD
961 272 973 289 ,
990 239 1178 278 existente
1208 241 1352 294 pun&o
1376 241 1416 279 D
1441 239 1484 278 i‘n
1506 239 1586 294 ipsa
1601 241 1691 283 BC;

465 298 621 351 sumpto
648 297 769 335 etiam
801 309 1041 348 quocunque
1069 297 1213 348 pun&o
1247 298 1283 336 G
1307 296 1351 336 in
1374 295 1514 336 eadem
1540 298 1645 335 AD:
1669 295 1695 334 fi

465 353 583 394 dueta
601 354 837 407 quacunque
859 350 963 390 reeta
987 351 1070 390 GH
1092 350 1142 389 ad
1170 364 1296 404 partes
1308 353 1442 407 punffi
1460 356 1518 404 A,
1541 351 1696 392 eadem-

466 426 544 466 que
566 410 712 449 reflexa
733 406 1114 464 perpendiculariter
1138 407 1188 447 ad
1205 410 1352 448 rectam
1369 411 1437 449 BC
1454 410 1495 449 in
1508 411 1697 464 punctum

467 470 501 508 E
519 468 624 507 inter
653 467 798 521 puncta
821 467 851 505 B
865 498 875 516 ,
903 466 939 505 C
958 497 968 515 ‚
991 463 1140 503 summa
1161 465 1366 504 ambarum
1393 468 1512 505 GHE
1535 466 1695 519 aequalis

468 525 514 564 fit
529 523 629 564 datae
650 523 772 563 alicui
784 524 896 562 retrae
912 541 920 563 :
937 523 1002 562 vel
1028 521 1054 560 fi
1068 520 1183 561 dueta
1194 522 1430 575 quacunque
1443 522 1546 561 reeta
1561 524 1633 561 GL
1647 521 1698 564 ad.

469 582 610 621 alteras
624 593 752 635 partes
766 579 901 634 puncti
918 581 956 620 A
971 611 982 626 ‚
996 577 1212 632 eademque
1240 579 1383 618 reflexa
1402 576 1701 633 perpendicula-

468 638 566 678 riter
589 637 640 677 ad
665 639 812 677 rectam
842 637 911 676 BC
931 636 974 675 in
998 637 1184 690 punctum
1212 637 1248 675 K
1273 637 1376 675 ultra
1399 636 1541 690 punita
1563 637 1591 674 B
1606 668 1616 685 ‚
1638 636 1702 686 C,

471 693 701 735 differentia
727 694 932 734 ambarum
961 694 1034 732 GL
1055 726 1066 743 ,
1097 693 1169 731 LK
1186 725 1196 741 ,
1217 692 1375 747 :equalis
1401 692 1444 732 fit
1466 690 1566 731 datae
1581 691 1703 731 alicui-

470 753 585 792 rectae
601 785 613 802 ‚
636 751 673 791 ei
692 751 842 790 scilicet
855 749 921 789 cui
934 749 1083 789 summa
1104 750 1223 789 GHE
1239 749 1397 803 :equalis
1410 749 1463 788 est
1479 767 1489 789 z
1511 749 1700 802 punctum

470 808 699 849 reflexionis
722 810 763 847 H
783 841 794 858 ,
816 808 879 848 vel
901 809 931 846 L
946 840 956 857 ‚
981 807 1056 845 erit
1085 805 1133 845 ad
1166 806 1395 859 parabolam
1423 806 1530 856 cujus
1571 803 1699 858 ipsum

471 866 662 919 punctum
687 867 725 904 G
748 864 823 903 erit
845 861 957 902 focus
976 883 984 907 ς
999 865 1102 903 reeta
1116 865 1197 902 AD
1211 895 1222 913 ,
1235 862 1338 907 axis3
1356 871 1395 904 δε
1407 864 1511 903 recta
1528 863 1606 901 AG
1625 860 1702 901 erit

473 934 615 976 quarta
633 935 719 974 pars
742 920 875 960 lateris
902 919 1009 959 recti.

530 977 642 1017 Talis
666 977 763 1017 vero
791 978 899 1016 locus
925 975 1172 1031 parabolicus
1189 972 1250 1014 vad
1275 974 1430 1028 specula
1449 974 1593 1013 ustoria
1611 989 1705 1028 per-

472 1035 585 1075 tinet.
615 1036 726 1074 Nam
740 1034 765 1074 fi
777 1032 988 1073 assumatur
1002 1047 1087 1087 pars
1102 1047 1279 1072 concava
1298 1033 1404 1071 BAC
1419 1064 1430 1080 ,
1445 1038 1484 1072 δε
1498 1029 1599 1069 radii
1612 1031 1703 1071 solis

473 1092 547 1131 s1nt
566 1094 700 1141 rectae,
727 1092 774 1129 FI
790 1123 800 1140 ‚
828 1091 930 1140 ΕΗ,
948 1097 1023 1130 διε.
1047 1089 1115 1142 qui
1137 1088 1186 1127 ad
1208 1088 1357 1127 sensum
1386 1088 1473 1126 sunt
1494 1087 1674 1141 paralleli
1688 1107 1706 1132 ;

471 1149 533 1188 illi
548 1148 597 1188 ad
617 1149 759 1202 puncht
777 1149 818 1197 Ι,
836 1146 900 1196 H,
928 1153 1011 1187 ἅτε.
1030 1145 1280 1185 refletremur
1300 1144 1321 1183 Ξι
1344 1143 1474 1184 forma
1499 1143 1704 1197 paraboli-

473 1221 520 1246 ca
532 1239 541 1254 ,
557 1213 596 1247 &
608 1204 744 1244 reflexi
761 1216 1002 1243 concurrent
1014 1201 1064 1241 ad
1086 1199 1221 1246 focum
1238 1204 1274 1241 G
1289 1221 1297 1246 ς
1313 1200 1380 1240 ubi
1393 1200 1419 1239 fi
1432 1200 1630 1255 speculum
1656 1201 1707 1250 fit‘

474 1262 562 1302 satis
580 1263 776 1316 amplum,
792 1269 831 1302 δε
850 1259 960 1299 folin
973 1258 1106 1298 debita
1128 1257 1382 1313 dispositione
1399 1291 1409 1308 ,
1430 1257 1705 1297 intensissimus

475 1321 584 1358 calor
601 1318 851 1358 excitabitur.
885 1318 980 1356 Hoc
993 1329 1125 1356 autem
1137 1315 1230 1356 ideo
1246 1314 1302 1365 fit,
1320 1315 1412 1369 quia
1428 1314 1452 1353 s1
1465 1329 1531 1369 per
1545 1316 1704 1368 puerum

475 1378 493 1415 Ι
525 1375 733 1415 duceretur
756 1376 861 1414 reeta
890 1374 1118 1428 parabolam
1145 1387 1310 1427 tangens
1329 1405 1339 1422 ,
1364 1385 1458 1411 tunc
1482 1373 1594 1411 reaae
1622 1372 1671 1411 FI
1690 1405 1704 1422 ‚

476 1434 535 1472 GI
558 1465 569 1483 ‚
601 1431 651 1472 ad
685 1431 809 1486 ipsam
834 1444 1065 1485 tangentem
1092 1431 1260 1485 angulos
1291 1431 1456 1482 aequales
1488 1427 1710 1467 constitue-

474 1503 564 1528 rent
583 1507 590 1528 :
607 1504 746 1528 eorum
761 1501 893 1527 autem
915 1489 1153 1542 angulorum
1174 1488 1271 1526 alter
1300 1484 1394 1525 ess'et
1412 1486 1577 1540 angulus
1601 1484 1713 1524 inci-r

475 1542 620 1584 dentice
635 1547 733 1584 alter
748 1558 881 1584 autem
895 1546 1061 1598 angulus
1076 1543 1316 1593 reflexionis,
1333 1557 1451 1597 atque
1468 1543 1524 1583 ita
1543 1540 1592 1581 de
1612 1541 1704 1582 reli-

477 1602 563 1657 quis
576 1602 625 1641 ad.
651 1603 726 1641 ali-a
747 1603 889 1656 puncta
903 1602 945 1640 H
960 1635 970 1652 ‚
987 1609 1064 1643 &a
1088 1600 1388 1653 pertinentibus.

534 1657 658 1714 Qrod
684 1659 709 1698 fi
731 1658 897 1699 candela
914 1658 955 1698 in
974 1660 1118 1713 puncto
1131 1660 1175 1698 ‘G
1197 1658 1501 1697 constitueretur
1517 1688 1527 1705 ‚
1543 1656 1620 1708 ejus
1640 1672 1713 1696 ra«

477 1715 534 1755 dii
561 1717 644 1754 GH
657 1748 666 1764 ‚
688 1718 745 1754 (31
760 1748 770 1764 ,
787 1723 864 1756 δίε.
885 1716 969 1768 post
991 1715 1249 1754 reflexionem
1270 1713 1291 1752 ὲ
1310 1713 1465 1768 speculo
1484 1710 1623 1752 fierent
1639 1727 1706 1766 pa..

477 1772 606 1813 ralleli
620 1804 630 1821 ,
644 1770 735 1826 puta
752 1773 851 1821 HE,
867 1772 914 1810 IF
931 1804 941 1821 ,
957 1779 1032 1812 &c.
1049 1784 1167 1824 atque
1189 1771 1245 1809 ita
1260 1771 1394 1809 lumen
1416 1767 1589 1809 candelae
1613 1770 1708 1809 lon-

480 1828 627 1886 gissime
643 1827 926 1883 produceretur
945 1847 953 1872 3
975 1827 1038 1866 sed
1058 1827 1139 1865 haec
1156 1826 1243 1866 sunt
1255 1827 1413 1868 alterius
1432 1825 1522 1866 loci.

536 1887 662 1926 Nono
678 1886 872 1939 exemplo.
905 1884 995 1924 Esto
1014 1883 1154 1938 ellipsis
1169 1886 1230 1924 vel
1250 1884 1465 1939 hyperbola
1477 1917 1486 1934 ‚
1499 1882 1605 1933 cujus
1621 1882 1711 1923 axis·-

480 1944 525 1983 fit
543 1945 612 1983 AB
627 1977 637 1994 ‚
664 1956 845 1984 centrum
870 1943 905 1982 C
920 1975 930 1993 ‚
953 1941 1119 1982 vertices
1145 1954 1276 1980 autem
1296 1942 1367 1981 fint
1382 1943 1418 1981 A
1433 1947 1472 1982 δε
1490 1942 1517 1979 Β
1531 1973 1540 1990 ,
1560 1947 1600 1981 δε
1617 1938 1706 1979 foci'

482 2003 522 2039 D
536 2034 546 2049 ,
564 2002 591 2039 E
607 2034 617 2049 ‚
635 2016 804 2056 quorum
824 2003 863 2040 D
882 1999 1042 2054 propior
1068 1998 1110 2037 fit
1131 1997 1274 2038 vertici
1300 2002 1336 2038 A
1349 2032 1359 2048 ,
1376 2010 1415 2037 at
1435 1998 1465 2037 E
1483 1996 1526 2036 fit
1538 1995 1701 2050 propior

480 2058 622 2097 vertici
649 2061 702 2104 B3
729 2071 846 2114 atque
864 2058 907 2099 in
929 2055 1099 2098 sefflone
1118 2054 1288 2096 sumatur
1319 2054 1486 2112 quodvis
1512 2054 1721 2108 punfi‘tum'
