<?xml version="1.0" encoding="UTF-8"?>
<!DOCTYPE html PUBLIC "-//W3C//DTD XHTML 1.0 Transitional//EN"
    "http://www.w3.org/TR/xhtml1/DTD/xhtml1-transitional.dtd">
<html xmlns="http://www.w3.org/1999/xhtml" xml:lang="en" lang="en">
 <head>
  <title>
</title>
<meta http-equiv="Content-Type" content="text/html;charset=utf-8" />
  <meta name='ocr-system' content='tesseract 3.04.00' />
  <meta name='ocr-capabilities' content='ocr_page ocr_carea ocr_par ocr_line ocrx_word'/>
</head>
<body>
  <div class='ocr_page' id='page_1' title='image "./diversouvrages00robe_0178.png"; bbox 0 0 1915 2663; ppageno 0'>
   <div class='ocr_carea' id='block_1_1' title="bbox 242 934 406 962">
    <p class='ocr_par' dir='ltr' id='par_1_1' title="bbox 242 934 406 962">
     <span class='ocr_line' id='line_1_1' title="bbox 242 934 406 962; baseline 0.018 -3"><span class='ocrx_word' id='word_1_1' title='bbox 242 934 280 959; x_wconf 69' lang='lat'><strong>11.</strong></span> <span class='ocrx_word' id='word_1_2' title='bbox 302 935 406 962; x_wconf 52' lang='lat' dir='ltr'><strong>“otus-</strong></span> 
     </span>
    </p>
   </div>
   <div class='ocr_carea' id='block_1_2' title="bbox 238 1614 417 1640">
    <p class='ocr_par' dir='ltr' id='par_1_2' title="bbox 238 1614 417 1640">
     <span class='ocr_line' id='line_1_2' title="bbox 238 1614 417 1640; baseline 0.006 -1"><span class='ocrx_word' id='word_1_3' title='bbox 238 1614 292 1639; x_wconf 71' lang='grc' dir='ltr'><strong>ΠΙ.</strong></span> <span class='ocrx_word' id='word_1_4' title='bbox 308 1614 417 1640; x_wconf 68' lang='lat' dir='ltr'><strong>Status-</strong></span> 
     </span>
    </p>
   </div>
   <div class='ocr_carea' id='block_1_3' title="bbox 446 117 1548 176">
    <p class='ocr_par' dir='ltr' id='par_1_3' title="bbox 446 117 1548 176">
     <span class='ocr_line' id='line_1_3' title="bbox 446 117 1548 176; baseline -0.005 -15"><span class='ocrx_word' id='word_1_5' title='bbox 446 137 523 176; x_wconf 77' lang='lat'><strong>174</strong></span> <span class='ocrx_word' id='word_1_6' title='bbox 569 122 645 161; x_wconf 74' lang='lat' dir='ltr'><strong>DE</strong></span> <span class='ocrx_word' id='word_1_7' title='bbox 679 120 1090 158; x_wconf 60' lang='lat' dir='ltr'><strong>Rasorurmm</strong></span> <span class='ocrx_word' id='word_1_8' title='bbox 1127 117 1548 168; x_wconf 52' lang='lat' dir='ltr'><strong>AEQUATIONUMss</strong></span> 
     </span>
    </p>
   </div>
   <div class='ocr_carea' id='block_1_4' title="bbox 442 181 1679 1756">
    <p class='ocr_par' dir='ltr' id='par_1_4' title="bbox 442 181 1678 912">
     <span class='ocr_line' id='line_1_4' title="bbox 443 181 1665 237; baseline -0.002 -12"><span class='ocrx_word' id='word_1_9' title='bbox 443 200 484 225; x_wconf 81' lang='lat' dir='ltr'><strong>to</strong></span> <span class='ocrx_word' id='word_1_10' title='bbox 507 188 534 224; x_wconf 82' lang='lat' dir='ltr'><strong>B</strong></span> <span class='ocrx_word' id='word_1_11' title='bbox 558 183 743 237; x_wconf 77' lang='lat' dir='ltr'><strong>congruit</strong></span> <span class='ocrx_word' id='word_1_12' title='bbox 768 202 777 223; x_wconf 79' lang='lat' dir='ltr'><strong><em>z</em></strong></span> <span class='ocrx_word' id='word_1_13' title='bbox 811 196 905 222; x_wconf 87' lang='lat' dir='ltr'><strong>tunc</strong></span> <span class='ocrx_word' id='word_1_14' title='bbox 925 184 1020 223; x_wconf 78' lang='lat' dir='ltr'><strong>vero</strong></span> <span class='ocrx_word' id='word_1_15' title='bbox 1043 185 1134 222; x_wconf 89' lang='lat' dir='ltr'><strong>loco</strong></span> <span class='ocrx_word' id='word_1_16' title='bbox 1158 183 1281 223; x_wconf 79' lang='lat' dir='ltr'><strong>ovalis</strong></span> <span class='ocrx_word' id='word_1_17' title='bbox 1312 184 1423 222; x_wconf 84' lang='lat' dir='ltr'><strong>CVE</strong></span> <span class='ocrx_word' id='word_1_18' title='bbox 1443 200 1468 235; x_wconf 90' lang='lat'>7</span> <span class='ocrx_word' id='word_1_19' title='bbox 1496 181 1665 223; x_wconf 66' lang='lat' dir='ltr'><strong>habebi-L</strong></span> 
     </span>
     <span class='ocr_line' id='line_1_5' title="bbox 442 239 1665 293; baseline -0.003 -13"><span class='ocrx_word' id='word_1_20' title='bbox 442 255 525 280; x_wconf 86' lang='lat' dir='ltr'><strong>mus</strong></span> <span class='ocrx_word' id='word_1_21' title='bbox 545 239 738 280; x_wconf 80' lang='lat' dir='ltr'><strong>circulum</strong></span> <span class='ocrx_word' id='word_1_22' title='bbox 751 273 761 290; x_wconf 82' lang='lat'>‚</span> <span class='ocrx_word' id='word_1_23' title='bbox 786 239 893 291; x_wconf 78' lang='lat' dir='ltr'><strong>cujus</strong></span> <span class='ocrx_word' id='word_1_24' title='bbox 919 252 1099 280; x_wconf 84' lang='lat' dir='ltr'><strong>centrum</strong></span> <span class='ocrx_word' id='word_1_25' title='bbox 1118 240 1194 279; x_wconf 78' lang='lat' dir='ltr'><strong>erit</strong></span> <span class='ocrx_word' id='word_1_26' title='bbox 1214 239 1320 279; x_wconf 83' lang='lat' dir='ltr'><strong>idem</strong></span> <span class='ocrx_word' id='word_1_27' title='bbox 1342 241 1530 293; x_wconf 65' lang='lat' dir='ltr'><strong>puuctum</strong></span> <span class='ocrx_word' id='word_1_28' title='bbox 1549 254 1665 280; x_wconf 79' lang='lat' dir='ltr'><strong>cot-n-</strong></span> 
     </span>
     <span class='ocr_line' id='line_1_6' title="bbox 442 295 1664 344; baseline 0.001 -10"><span class='ocrx_word' id='word_1_29' title='bbox 442 310 562 335; x_wconf 87' lang='lat' dir='ltr'><strong>mune</strong></span> <span class='ocrx_word' id='word_1_30' title='bbox 585 299 622 335; x_wconf 93' lang='lat' dir='ltr'>A</span> <span class='ocrx_word' id='word_1_31' title='bbox 645 298 708 335; x_wconf 90' lang='lat' dir='ltr'><strong>vel</strong></span> <span class='ocrx_word' id='word_1_32' title='bbox 731 299 785 344; x_wconf 91' lang='lat' dir='ltr'><strong>B,</strong></span> <span class='ocrx_word' id='word_1_33' title='bbox 806 303 847 336; x_wconf 65' lang='grc' dir='ltr'><strong>δέ</strong></span> <span class='ocrx_word' id='word_1_34' title='bbox 875 296 1130 336; x_wconf 84' lang='lat' dir='ltr'><strong>intervallum</strong></span> <span class='ocrx_word' id='word_1_35' title='bbox 1155 296 1230 336; x_wconf 85' lang='lat' dir='ltr'><strong>five</strong></span> <span class='ocrx_word' id='word_1_36' title='bbox 1258 295 1549 335; x_wconf 68' lang='lat' dir='ltr'><strong>semidiameter</strong></span> <span class='ocrx_word' id='word_1_37' title='bbox 1566 297 1664 344; x_wconf 74' lang='lat' dir='ltr'><strong>BC,</strong></span> 
     </span>
     <span class='ocr_line' id='line_1_7' title="bbox 442 350 1664 406; baseline 0.001 -15"><span class='ocrx_word' id='word_1_38' title='bbox 442 352 508 391; x_wconf 70' lang='lat' dir='ltr'><strong>cui</strong></span> <span class='ocrx_word' id='word_1_39' title='bbox 528 352 685 405; x_wconf 80' lang='lat' dir='ltr'><strong>aequalis</strong></span> <span class='ocrx_word' id='word_1_40' title='bbox 709 351 784 390; x_wconf 79' lang='lat' dir='ltr'><strong>erit</strong></span> <span class='ocrx_word' id='word_1_41' title='bbox 813 352 906 389; x_wconf 82' lang='lat' dir='ltr'><strong>BE·</strong></span> <span class='ocrx_word' id='word_1_42' title='bbox 899 370 907 394; x_wconf 89' lang='lat'>;</span> <span class='ocrx_word' id='word_1_43' title='bbox 933 350 1037 390; x_wconf 87' lang='lat' dir='ltr'><strong>unde</strong></span> <span class='ocrx_word' id='word_1_44' title='bbox 1057 353 1244 405; x_wconf 61' lang='lat' dir='ltr'><strong>puuctum</strong></span> <span class='ocrx_word' id='word_1_45' title='bbox 1268 354 1299 391; x_wconf 82' lang='lat' dir='ltr'>E</span> <span class='ocrx_word' id='word_1_46' title='bbox 1319 353 1359 392; x_wconf 83' lang='lat' dir='ltr'><strong>vi</strong></span> <span class='ocrx_word' id='word_1_47' title='bbox 1389 352 1664 406; x_wconf 78' lang='lat' dir='ltr'><strong>geometrica3</strong></span> 
     </span>
     <span class='ocr_line' id='line_1_8' title="bbox 444 405 1668 461; baseline 0 -13"><span class='ocrx_word' id='word_1_48' title='bbox 444 422 600 448; x_wconf 84' lang='lat' dir='ltr'><strong>tantum</strong></span> <span class='ocrx_word' id='word_1_49' title='bbox 619 407 768 446; x_wconf 76' lang='lat' dir='ltr'><strong>distat</strong></span> <span class='ocrx_word' id='word_1_50' title='bbox 755 423 776 446; x_wconf 87' lang='lat' dir='ltr'>a</span> <span class='ocrx_word' id='word_1_51' title='bbox 797 408 942 460; x_wconf 60' lang='lat' dir='ltr'><strong>puncto</strong></span> <span class='ocrx_word' id='word_1_52' title='bbox 963 409 992 447; x_wconf 92' lang='grc' dir='ltr'>Β</span> <span class='ocrx_word' id='word_1_53' title='bbox 1009 405 1202 461; x_wconf 59' lang='lat' dir='ltr'><strong>quantum</strong></span> <span class='ocrx_word' id='word_1_54' title='bbox 1224 408 1260 446; x_wconf 90' lang='lat' dir='ltr'>C</span> <span class='ocrx_word' id='word_1_55' title='bbox 1279 408 1326 447; x_wconf 86' lang='lat' dir='ltr'><strong>ab</strong></span> <span class='ocrx_word' id='word_1_56' title='bbox 1340 408 1482 448; x_wconf 86' lang='lat' dir='ltr'><strong>eodem</strong></span> <span class='ocrx_word' id='word_1_57' title='bbox 1496 411 1538 448; x_wconf 90' lang='grc' dir='ltr'><strong>Β.</strong></span> <span class='ocrx_word' id='word_1_58' title='bbox 1569 411 1668 448; x_wconf 89' lang='lat' dir='ltr'><strong>Duo</strong></span> 
     </span>
     <span class='ocr_line' id='line_1_9' title="bbox 443 462 1669 505; baseline 0 -1"><span class='ocrx_word' id='word_1_59' title='bbox 443 465 525 504; x_wconf 75' lang='lat' dir='ltr'><strong>loci</strong></span> <span class='ocrx_word' id='word_1_60' title='bbox 545 464 691 503; x_wconf 84' lang='lat' dir='ltr'><strong>bafium</strong></span> <span class='ocrx_word' id='word_1_61' title='bbox 714 463 983 503; x_wconf 82' lang='lat' dir='ltr'><strong>describentur</strong></span> <span class='ocrx_word' id='word_1_62' title='bbox 998 479 1103 503; x_wconf 76' lang='lat' dir='ltr'><strong>crrca</strong></span> <span class='ocrx_word' id='word_1_63' title='bbox 1121 462 1228 504; x_wconf 83' lang='lat' dir='ltr'><strong>idem</strong></span> <span class='ocrx_word' id='word_1_64' title='bbox 1244 477 1424 503; x_wconf 81' lang='lat' dir='ltr'><strong>centrum</strong></span> <span class='ocrx_word' id='word_1_65' title='bbox 1445 467 1473 503; x_wconf 90' lang='grc' dir='ltr'>Β</span> <span class='ocrx_word' id='word_1_66' title='bbox 1488 467 1551 505; x_wconf 84' lang='lat' dir='ltr'><strong>vel</strong></span> <span class='ocrx_word' id='word_1_67' title='bbox 1565 467 1602 504; x_wconf 93' lang='lat' dir='ltr'><strong>A</strong></span> <span class='ocrx_word' id='word_1_68' title='bbox 1615 465 1669 504; x_wconf 76' lang='lat' dir='ltr'><strong>se-</strong></span> 
     </span>
     <span class='ocr_line' id='line_1_10' title="bbox 445 519 1666 575; baseline -0.001 -14"><span class='ocrx_word' id='word_1_69' title='bbox 445 520 621 561; x_wconf 89' lang='lat' dir='ltr'><strong>cundum</strong></span> <span class='ocrx_word' id='word_1_70' title='bbox 642 520 881 575; x_wconf 84' lang='lat' dir='ltr'><strong>praescriptas</strong></span> <span class='ocrx_word' id='word_1_71' title='bbox 901 521 1035 574; x_wconf 82' lang='lat' dir='ltr'><strong>leges</strong></span> <span class='ocrx_word' id='word_1_72' title='bbox 1027 536 1069 560; x_wconf 85' lang='lat' dir='ltr'><strong>m</strong></span> <span class='ocrx_word' id='word_1_73' title='bbox 1091 519 1328 575; x_wconf 74' lang='lat' dir='ltr'><strong>praecedenti</strong></span> <span class='ocrx_word' id='word_1_74' title='bbox 1349 520 1666 572; x_wconf 60' lang='lat' dir='ltr'><strong>construetione,</strong></span> 
     </span>
     <span class='ocr_line' id='line_1_11' title="bbox 445 576 1671 639; baseline -0.001 -22"><span class='ocrx_word' id='word_1_75' title='bbox 445 593 494 617; x_wconf 82' lang='lat' dir='ltr'><strong>ex</strong></span> <span class='ocrx_word' id='word_1_76' title='bbox 523 577 673 617; x_wconf 84' lang='lat' dir='ltr'><strong>duobus</strong></span> <span class='ocrx_word' id='word_1_77' title='bbox 702 577 799 616; x_wconf 81' lang='lat' dir='ltr'><strong>locis</strong></span> <span class='ocrx_word' id='word_1_78' title='bbox 822 590 1075 628; x_wconf 58' lang='lat' dir='ltr'><strong>caurorum,</strong></span> <span class='ocrx_word' id='word_1_79' title='bbox 1094 579 1216 623; x_wconf 82' lang='lat' dir='ltr'><strong>alter,</strong></span> <span class='ocrx_word' id='word_1_80' title='bbox 1241 591 1383 639; x_wconf 86' lang='lat' dir='ltr'><strong>nempe</strong></span> <span class='ocrx_word' id='word_1_81' title='bbox 1402 576 1548 630; x_wconf 77' lang='lat' dir='ltr'><strong>primus</strong></span> <span class='ocrx_word' id='word_1_82' title='bbox 1573 591 1671 616; x_wconf 85' lang='lat' dir='ltr'><strong>coa-</strong></span> 
     </span>
     <span class='ocr_line' id='line_1_12' title="bbox 446 631 1670 687; baseline 0 -14"><span class='ocrx_word' id='word_1_83' title='bbox 446 634 590 674; x_wconf 80' lang='lat' dir='ltr'><strong>lelcet</strong></span> <span class='ocrx_word' id='word_1_84' title='bbox 582 649 624 673; x_wconf 88' lang='lat' dir='ltr'><strong>m</strong></span> <span class='ocrx_word' id='word_1_85' title='bbox 644 635 807 673; x_wconf 87' lang='lat' dir='ltr'><strong>unicum</strong></span> <span class='ocrx_word' id='word_1_86' title='bbox 832 635 1017 687; x_wconf 61' lang='lat' dir='ltr'><strong>punctum</strong></span> <span class='ocrx_word' id='word_1_87' title='bbox 1046 637 1098 684; x_wconf 80' lang='grc' dir='ltr'><strong>Β,</strong></span> <span class='ocrx_word' id='word_1_88' title='bbox 1123 635 1220 673; x_wconf 87' lang='lat' dir='ltr'><strong>alter</strong></span> <span class='ocrx_word' id='word_1_89' title='bbox 1250 634 1326 672; x_wconf 81' lang='lat' dir='ltr'><strong>erit</strong></span> <span class='ocrx_word' id='word_1_90' title='bbox 1344 631 1670 673; x_wconf 81' lang='lat' dir='ltr'><strong>circumferentia</strong></span> 
     </span>
     <span class='ocr_line' id='line_1_13' title="bbox 447 689 1672 744; baseline 0 -15"><span class='ocrx_word' id='word_1_91' title='bbox 447 690 618 741; x_wconf 82' lang='lat' dir='ltr'><strong>ejusdem</strong></span> <span class='ocrx_word' id='word_1_92' title='bbox 643 691 783 730; x_wconf 74' lang='lat' dir='ltr'><strong>circuli</strong></span> <span class='ocrx_word' id='word_1_93' title='bbox 808 691 958 742; x_wconf 87' lang='lat' dir='ltr'>CVE7</span> <span class='ocrx_word' id='word_1_94' title='bbox 989 691 1057 744; x_wconf 84' lang='lat' dir='ltr'><strong>qui</strong></span> <span class='ocrx_word' id='word_1_95' title='bbox 1083 691 1174 729; x_wconf 89' lang='lat' dir='ltr'><strong>loco</strong></span> <span class='ocrx_word' id='word_1_96' title='bbox 1197 690 1335 729; x_wconf 77' lang='lat' dir='ltr'><strong>ovalis</strong></span> <span class='ocrx_word' id='word_1_97' title='bbox 1351 689 1554 729; x_wconf 87' lang='lat' dir='ltr'><strong>succedet:</strong></span> <span class='ocrx_word' id='word_1_98' title='bbox 1579 702 1672 729; x_wconf 88' lang='lat' dir='ltr'><strong>tan-</strong></span> 
     </span>
     <span class='ocr_line' id='line_1_14' title="bbox 449 744 1673 800; baseline -0.001 -14"><span class='ocrx_word' id='word_1_99' title='bbox 449 746 620 800; x_wconf 87' lang='lat' dir='ltr'><strong>demque</strong></span> <span class='ocrx_word' id='word_1_100' title='bbox 641 748 722 800; x_wconf 77' lang='lat' dir='ltr'><strong>ipsa</strong></span> <span class='ocrx_word' id='word_1_101' title='bbox 739 746 879 786; x_wconf 83' lang='lat' dir='ltr'><strong>eadem</strong></span> <span class='ocrx_word' id='word_1_102' title='bbox 903 746 1043 785; x_wconf 80' lang='lat' dir='ltr'><strong>circuli</strong></span> <span class='ocrx_word' id='word_1_103' title='bbox 1062 747 1210 799; x_wconf 83' lang='lat' dir='ltr'>CVE7</span> <span class='ocrx_word' id='word_1_104' title='bbox 1223 744 1546 785; x_wconf 82' lang='lat' dir='ltr'><strong>circumferentia</strong></span> <span class='ocrx_word' id='word_1_105' title='bbox 1566 744 1673 785; x_wconf 82' lang='lat' dir='ltr'><strong>refe-</strong></span> 
     </span>
     <span class='ocr_line' id='line_1_15' title="bbox 447 801 1678 856; baseline 0 -14"><span class='ocrx_word' id='word_1_106' title='bbox 447 816 509 843; x_wconf 85' lang='lat' dir='ltr'><strong>ret</strong></span> <span class='ocrx_word' id='word_1_107' title='bbox 535 803 632 842; x_wconf 84' lang='lat' dir='ltr'><strong>duos</strong></span> <span class='ocrx_word' id='word_1_108' title='bbox 663 803 837 856; x_wconf 79' lang='lat' dir='ltr'><strong>reliquos</strong></span> <span class='ocrx_word' id='word_1_109' title='bbox 866 804 975 841; x_wconf 89' lang='lat' dir='ltr'><strong>locos</strong></span> <span class='ocrx_word' id='word_1_110' title='bbox 1000 803 1316 842; x_wconf 85' lang='lat' dir='ltr'><strong>intervallorum.</strong></span> <span class='ocrx_word' id='word_1_111' title='bbox 1362 801 1438 843; x_wconf 86' lang='lat' dir='ltr'><strong>Sed</strong></span> <span class='ocrx_word' id='word_1_112' title='bbox 1457 803 1592 842; x_wconf 77' lang='lat' dir='ltr'><strong>omnia</strong></span> <span class='ocrx_word' id='word_1_113' title='bbox 1622 801 1678 847; x_wconf 69' lang='lat' dir='ltr'><strong>ad</strong></span> 
     </span>
     <span class='ocr_line' id='line_1_16' title="bbox 449 857 1161 912; baseline 0 -14"><span class='ocrx_word' id='word_1_114' title='bbox 449 859 706 912; x_wconf 79' lang='lat' dir='ltr'><strong>Dioptricam</strong></span> <span class='ocrx_word' id='word_1_115' title='bbox 723 872 838 898; x_wconf 84' lang='lat' dir='ltr'><strong>erunt</strong></span> <span class='ocrx_word' id='word_1_116' title='bbox 857 857 973 912; x_wconf 70' lang='lat' dir='ltr'><strong>plane</strong></span> <span class='ocrx_word' id='word_1_117' title='bbox 990 859 1161 898; x_wconf 83' lang='lat' dir='ltr'><strong>inutilia.</strong></span> 
     </span>
    </p>

    <p class='ocr_par' dir='ltr' id='par_1_5' title="bbox 449 914 1678 1573">
     <span class='ocr_line' id='line_1_17' title="bbox 503 914 1673 968; baseline 0.002 -14"><span class='ocrx_word' id='word_1_118' title='bbox 503 916 594 954; x_wconf 85' lang='lat' dir='ltr'><strong>Esto</strong></span> <span class='ocrx_word' id='word_1_119' title='bbox 625 914 771 954; x_wconf 83' lang='lat' dir='ltr'><strong>deinde</strong></span> <span class='ocrx_word' id='word_1_120' title='bbox 792 916 980 968; x_wconf 60' lang='lat' dir='ltr'><strong>punctum</strong></span> <span class='ocrx_word' id='word_1_121' title='bbox 1003 917 1041 953; x_wconf 92' lang='lat' dir='ltr'><strong>A</strong></span> <span class='ocrx_word' id='word_1_122' title='bbox 1062 915 1167 954; x_wconf 82' lang='lat' dir='ltr'><strong>intra</strong></span> <span class='ocrx_word' id='word_1_123' title='bbox 1188 916 1346 954; x_wconf 84' lang='lat' dir='ltr'><strong>ovalem</strong></span> <span class='ocrx_word' id='word_1_124' title='bbox 1368 915 1471 954; x_wconf 87' lang='lat' dir='ltr'><strong>inter</strong></span> <span class='ocrx_word' id='word_1_125' title='bbox 1503 917 1532 954; x_wconf 93' lang='grc' dir='ltr'>Β</span> <span class='ocrx_word' id='word_1_126' title='bbox 1556 915 1647 956; x_wconf 83' lang='lat' dir='ltr'><strong>&amp;C</strong></span> <span class='ocrx_word' id='word_1_127' title='bbox 1660 931 1673 956; x_wconf 70' lang='grc' dir='ltr'><strong>ε</strong></span> 
     </span>
     <span class='ocr_line' id='line_1_18' title="bbox 449 970 1674 1025; baseline 0 -15"><span class='ocrx_word' id='word_1_128' title='bbox 449 986 495 1010; x_wconf 85' lang='lat' dir='ltr'><strong>ac</strong></span> <span class='ocrx_word' id='word_1_129' title='bbox 511 984 607 1010; x_wconf 87' lang='lat' dir='ltr'><strong>tunc</strong></span> <span class='ocrx_word' id='word_1_130' title='bbox 620 970 688 1010; x_wconf 90' lang='lat' dir='ltr'><strong>fiet</strong></span> <span class='ocrx_word' id='word_1_131' title='bbox 700 970 826 1025; x_wconf 79' lang='lat' dir='ltr'><strong>figura</strong></span> <span class='ocrx_word' id='word_1_132' title='bbox 845 970 970 1010; x_wconf 83' lang='lat' dir='ltr'><strong>ovalis</strong></span> <span class='ocrx_word' id='word_1_133' title='bbox 994 970 1036 1009; x_wconf 84' lang='lat' dir='ltr'><strong>in</strong></span> <span class='ocrx_word' id='word_1_134' title='bbox 1059 985 1137 1024; x_wconf 88' lang='lat' dir='ltr'><strong>qua</strong></span> <span class='ocrx_word' id='word_1_135' title='bbox 1159 971 1372 1024; x_wconf 65' lang='lat' dir='ltr'><strong>praecipuus</strong></span> <span class='ocrx_word' id='word_1_136' title='bbox 1385 983 1524 1011; x_wconf 83' lang='lat' dir='ltr'><strong>vertex</strong></span> <span class='ocrx_word' id='word_1_137' title='bbox 1537 971 1572 1009; x_wconf 90' lang='lat' dir='ltr'>C</span> <span class='ocrx_word' id='word_1_138' title='bbox 1585 985 1674 1024; x_wconf 82' lang='lat' dir='ltr'><strong>pro-</strong></span> 
     </span>
     <span class='ocr_line' id='line_1_19' title="bbox 450 1025 1676 1082; baseline 0 -16"><span class='ocrx_word' id='word_1_139' title='bbox 450 1028 539 1082; x_wconf 82' lang='lat' dir='ltr'><strong>pior</strong></span> <span class='ocrx_word' id='word_1_140' title='bbox 559 1027 635 1066; x_wconf 88' lang='lat' dir='ltr'><strong>erit</strong></span> <span class='ocrx_word' id='word_1_141' title='bbox 662 1027 859 1081; x_wconf 83' lang='lat' dir='ltr'><strong>praecipuo</strong></span> <span class='ocrx_word' id='word_1_142' title='bbox 879 1025 974 1066; x_wconf 90' lang='lat' dir='ltr'><strong>foco</strong></span> <span class='ocrx_word' id='word_1_143' title='bbox 996 1030 1033 1065; x_wconf 94' lang='lat' dir='ltr'>A</span> <span class='ocrx_word' id='word_1_144' title='bbox 1053 1041 1172 1080; x_wconf 83' lang='lat' dir='ltr'><strong>quam</strong></span> <span class='ocrx_word' id='word_1_145' title='bbox 1186 1039 1323 1066; x_wconf 76' lang='lat' dir='ltr'><strong>vertex</strong></span> <span class='ocrx_word' id='word_1_146' title='bbox 1342 1029 1373 1066; x_wconf 84' lang='lat' dir='ltr'><strong>E</strong></span> <span class='ocrx_word' id='word_1_147' title='bbox 1389 1025 1482 1065; x_wconf 90' lang='lat' dir='ltr'><strong>foco</strong></span> <span class='ocrx_word' id='word_1_148' title='bbox 1496 1029 1552 1070; x_wconf 61' lang='lat'><strong>133</strong></span> <span class='ocrx_word' id='word_1_149' title='bbox 1571 1039 1676 1066; x_wconf 84' lang='lat' dir='ltr'><strong>atta-</strong></span> 
     </span>
     <span class='ocr_line' id='line_1_20' title="bbox 451 1083 1673 1137; baseline -0.001 -14"><span class='ocrx_word' id='word_1_150' title='bbox 451 1099 544 1123; x_wconf 87' lang='lat' dir='ltr'><strong>men</strong></span> <span class='ocrx_word' id='word_1_151' title='bbox 566 1083 751 1124; x_wconf 79' lang='lat' dir='ltr'><strong>distantia</strong></span> <span class='ocrx_word' id='word_1_152' title='bbox 774 1086 839 1123; x_wconf 87' lang='lat' dir='ltr'><strong>BE</strong></span> <span class='ocrx_word' id='word_1_153' title='bbox 859 1083 990 1123; x_wconf 83' lang='lat' dir='ltr'><strong>minor</strong></span> <span class='ocrx_word' id='word_1_154' title='bbox 1017 1083 1092 1122; x_wconf 81' lang='lat' dir='ltr'><strong>erit</strong></span> <span class='ocrx_word' id='word_1_155' title='bbox 1115 1098 1232 1137; x_wconf 82' lang='lat' dir='ltr'><strong>quam</strong></span> <span class='ocrx_word' id='word_1_156' title='bbox 1264 1084 1354 1129; x_wconf 78' lang='lat' dir='ltr'><strong>BC;</strong></span> <span class='ocrx_word' id='word_1_157' title='bbox 1380 1095 1498 1136; x_wconf 85' lang='lat' dir='ltr'><strong>atque</strong></span> <span class='ocrx_word' id='word_1_158' title='bbox 1524 1083 1580 1122; x_wconf 79' lang='lat' dir='ltr'><strong>ita</strong></span> <span class='ocrx_word' id='word_1_159' title='bbox 1605 1096 1673 1122; x_wconf 84' lang='lat' dir='ltr'><strong>ex-</strong></span> 
     </span>
     <span class='ocr_line' id='line_1_21' title="bbox 451 1138 1675 1194; baseline 0 -15"><span class='ocrx_word' id='word_1_160' title='bbox 451 1138 574 1180; x_wconf 84' lang='lat' dir='ltr'><strong>ceffus</strong></span> <span class='ocrx_word' id='word_1_161' title='bbox 596 1142 708 1180; x_wconf 67' lang='lat' dir='ltr'><strong>restae</strong></span> <span class='ocrx_word' id='word_1_162' title='bbox 726 1142 798 1179; x_wconf 83' lang='grc' dir='ltr'><strong>ΑΕ</strong></span> <span class='ocrx_word' id='word_1_163' title='bbox 821 1140 933 1194; x_wconf 85' lang='lat' dir='ltr'><strong>supra</strong></span> <span class='ocrx_word' id='word_1_164' title='bbox 951 1142 1098 1180; x_wconf 60' lang='lat' dir='ltr'><strong>rectam</strong></span> <span class='ocrx_word' id='word_1_165' title='bbox 1121 1140 1198 1178; x_wconf 93' lang='lat' dir='ltr'><strong>AC</strong></span> <span class='ocrx_word' id='word_1_166' title='bbox 1218 1140 1342 1190; x_wconf 82' lang='lat' dir='ltr'><strong>major</strong></span> <span class='ocrx_word' id='word_1_167' title='bbox 1370 1140 1445 1179; x_wconf 82' lang='lat' dir='ltr'><strong>erit</strong></span> <span class='ocrx_word' id='word_1_168' title='bbox 1466 1154 1584 1193; x_wconf 83' lang='lat' dir='ltr'><strong>quam</strong></span> <span class='ocrx_word' id='word_1_169' title='bbox 1605 1153 1675 1179; x_wconf 85' lang='lat' dir='ltr'><strong>ex·-</strong></span> 
     </span>
     <span class='ocr_line' id='line_1_22' title="bbox 452 1194 1676 1250; baseline 0.002 -16"><span class='ocrx_word' id='word_1_170' title='bbox 452 1194 572 1235; x_wconf 88' lang='lat' dir='ltr'><strong>cessus</strong></span> <span class='ocrx_word' id='word_1_171' title='bbox 593 1198 704 1236; x_wconf 66' lang='lat' dir='ltr'><strong>restae</strong></span> <span class='ocrx_word' id='word_1_172' title='bbox 731 1197 800 1236; x_wconf 87' lang='lat' dir='ltr'><strong>BC</strong></span> <span class='ocrx_word' id='word_1_173' title='bbox 825 1196 937 1250; x_wconf 82' lang='lat' dir='ltr'><strong>supra</strong></span> <span class='ocrx_word' id='word_1_174' title='bbox 962 1198 1109 1235; x_wconf 58' lang='lat' dir='ltr'><strong>restam</strong></span> <span class='ocrx_word' id='word_1_175' title='bbox 1130 1197 1220 1239; x_wconf 83' lang='grc' dir='ltr'><strong>ΒΕ;</strong></span> <span class='ocrx_word' id='word_1_176' title='bbox 1247 1211 1292 1235; x_wconf 83' lang='lat' dir='ltr'><strong>ac</strong></span> <span class='ocrx_word' id='word_1_177' title='bbox 1320 1195 1489 1235; x_wconf 85' lang='lat' dir='ltr'><strong>duorum</strong></span> <span class='ocrx_word' id='word_1_178' title='bbox 1513 1196 1676 1236; x_wconf 85' lang='lat' dir='ltr'><strong>illorum</strong></span> 
     </span>
     <span class='ocr_line' id='line_1_23' title="bbox 452 1250 1676 1306; baseline 0 -15"><span class='ocrx_word' id='word_1_179' title='bbox 452 1251 676 1292; x_wconf 74' lang='lat' dir='ltr'><strong>excessuum</strong></span> <span class='ocrx_word' id='word_1_180' title='bbox 699 1253 801 1292; x_wconf 86' lang='lat' dir='ltr'><strong>ratio</strong></span> <span class='ocrx_word' id='word_1_181' title='bbox 836 1253 911 1291; x_wconf 78' lang='lat' dir='ltr'><strong>erit</strong></span> <span class='ocrx_word' id='word_1_182' title='bbox 928 1252 1009 1306; x_wconf 81' lang='lat' dir='ltr'><strong>ipsa</strong></span> <span class='ocrx_word' id='word_1_183' title='bbox 1036 1252 1139 1292; x_wconf 83' lang='lat' dir='ltr'><strong>ratio</strong></span> <span class='ocrx_word' id='word_1_184' title='bbox 1166 1250 1426 1292; x_wconf 68' lang='lat' dir='ltr'><strong>refrafflonis.</strong></span> <span class='ocrx_word' id='word_1_185' title='bbox 1469 1255 1541 1292; x_wconf 89' lang='lat' dir='ltr'><strong>Sex</strong></span> <span class='ocrx_word' id='word_1_186' title='bbox 1568 1252 1676 1302; x_wconf 80' lang='lat' dir='ltr'><strong>loci,</strong></span> 
     </span>
     <span class='ocr_line' id='line_1_24' title="bbox 453 1307 1675 1364; baseline 0 -17"><span class='ocrx_word' id='word_1_187' title='bbox 453 1323 597 1364; x_wconf 85' lang='lat' dir='ltr'><strong>nempe</strong></span> <span class='ocrx_word' id='word_1_188' title='bbox 620 1308 700 1347; x_wconf 90' lang='lat' dir='ltr'><strong>duo</strong></span> <span class='ocrx_word' id='word_1_189' title='bbox 722 1309 893 1358; x_wconf 81' lang='lat' dir='ltr'><strong>bafium,</strong></span> <span class='ocrx_word' id='word_1_190' title='bbox 908 1307 987 1347; x_wconf 87' lang='lat' dir='ltr'><strong>duo</strong></span> <span class='ocrx_word' id='word_1_191' title='bbox 1010 1322 1263 1355; x_wconf 85' lang='lat' dir='ltr'><strong>centrorurn,</strong></span> <span class='ocrx_word' id='word_1_192' title='bbox 1288 1316 1329 1350; x_wconf 68' lang='grc' dir='ltr'><strong>δε</strong></span> <span class='ocrx_word' id='word_1_193' title='bbox 1346 1308 1425 1347; x_wconf 88' lang='lat' dir='ltr'><strong>duo</strong></span> <span class='ocrx_word' id='word_1_194' title='bbox 1441 1308 1675 1348; x_wconf 84' lang='lat' dir='ltr'><strong>intervallo-</strong></span> 
     </span>
     <span class='ocr_line' id='line_1_25' title="bbox 455 1363 1677 1418; baseline 0.001 -15"><span class='ocrx_word' id='word_1_195' title='bbox 455 1378 567 1414; x_wconf 87' lang='lat' dir='ltr'><strong>rum,</strong></span> <span class='ocrx_word' id='word_1_196' title='bbox 594 1380 676 1404; x_wconf 90' lang='lat' dir='ltr'><strong>non</strong></span> <span class='ocrx_word' id='word_1_197' title='bbox 697 1364 810 1404; x_wconf 80' lang='lat' dir='ltr'><strong>aliter</strong></span> <span class='ocrx_word' id='word_1_198' title='bbox 832 1365 1086 1404; x_wconf 79' lang='lat' dir='ltr'><strong>invenientur</strong></span> <span class='ocrx_word' id='word_1_199' title='bbox 1112 1380 1230 1417; x_wconf 83' lang='lat' dir='ltr'><strong>quam</strong></span> <span class='ocrx_word' id='word_1_200' title='bbox 1255 1365 1296 1403; x_wconf 83' lang='lat' dir='ltr'><strong>in</strong></span> <span class='ocrx_word' id='word_1_201' title='bbox 1322 1363 1560 1418; x_wconf 82' lang='lat' dir='ltr'><strong>praecedenti</strong></span> <span class='ocrx_word' id='word_1_202' title='bbox 1581 1364 1677 1418; x_wconf 86' lang='lat' dir='ltr'><strong>figu-</strong></span> 
     </span>
     <span class='ocr_line' id='line_1_26' title="bbox 453 1419 1676 1474; baseline 0.001 -16"><span class='ocrx_word' id='word_1_203' title='bbox 453 1435 520 1470; x_wconf 77' lang='lat' dir='ltr'><strong>ra,</strong></span> <span class='ocrx_word' id='word_1_204' title='bbox 544 1420 608 1459; x_wconf 90' lang='lat' dir='ltr'><strong>sed</strong></span> <span class='ocrx_word' id='word_1_205' title='bbox 634 1420 694 1459; x_wconf 82' lang='lat' dir='ltr'>illi</span> <span class='ocrx_word' id='word_1_206' title='bbox 716 1420 836 1474; x_wconf 72' lang='lat' dir='ltr'><strong>paulo</strong></span> <span class='ocrx_word' id='word_1_207' title='bbox 850 1421 963 1459; x_wconf 75' lang='lat' dir='ltr'><strong>aliter</strong></span> <span class='ocrx_word' id='word_1_208' title='bbox 983 1433 1097 1459; x_wconf 87' lang='lat' dir='ltr'><strong>erunt</strong></span> <span class='ocrx_word' id='word_1_209' title='bbox 1108 1419 1304 1473; x_wconf 75' lang='lat' dir='ltr'><strong>dispositi,</strong></span> <span class='ocrx_word' id='word_1_210' title='bbox 1319 1420 1427 1473; x_wconf 87' lang='lat' dir='ltr'><strong>quod</strong></span> <span class='ocrx_word' id='word_1_211' title='bbox 1440 1434 1574 1459; x_wconf 85' lang='lat' dir='ltr'><strong>tamen</strong></span> <span class='ocrx_word' id='word_1_212' title='bbox 1585 1422 1676 1459; x_wconf 92' lang='lat' dir='ltr'><strong>nul-</strong></span> 
     </span>
     <span class='ocr_line' id='line_1_27' title="bbox 455 1475 1678 1531; baseline 0.002 -17"><span class='ocrx_word' id='word_1_213' title='bbox 455 1476 528 1515; x_wconf 79' lang='lat' dir='ltr'><strong>lius</strong></span> <span class='ocrx_word' id='word_1_214' title='bbox 550 1477 745 1516; x_wconf 85' lang='lat' dir='ltr'><strong>momenti</strong></span> <span class='ocrx_word' id='word_1_215' title='bbox 767 1477 841 1524; x_wconf 86' lang='lat' dir='ltr'><strong>est;</strong></span> <span class='ocrx_word' id='word_1_216' title='bbox 869 1477 962 1530; x_wconf 80' lang='lat' dir='ltr'><strong>quia</strong></span> <span class='ocrx_word' id='word_1_217' title='bbox 986 1477 1069 1516; x_wconf 83' lang='lat' dir='ltr'><strong>haec</strong></span> <span class='ocrx_word' id='word_1_218' title='bbox 1095 1491 1230 1516; x_wconf 80' lang='lat' dir='ltr'><strong>omma</strong></span> <span class='ocrx_word' id='word_1_219' title='bbox 1254 1490 1298 1516; x_wconf 92' lang='lat' dir='ltr'><strong>ut</strong></span> <span class='ocrx_word' id='word_1_220' title='bbox 1318 1475 1444 1530; x_wconf 77' lang='lat' dir='ltr'><strong>prius,</strong></span> <span class='ocrx_word' id='word_1_221' title='bbox 1476 1475 1526 1515; x_wconf 81' lang='lat' dir='ltr'><strong>ad</strong></span> <span class='ocrx_word' id='word_1_222' title='bbox 1551 1476 1678 1531; x_wconf 89' lang='lat' dir='ltr'><strong>Diop-</strong></span> 
     </span>
     <span class='ocr_line' id='line_1_28' title="bbox 455 1532 899 1573; baseline 0.005 -4"><span class='ocrx_word' id='word_1_223' title='bbox 455 1532 596 1573; x_wconf 79' lang='lat' dir='ltr'><strong>tricam</strong></span> <span class='ocrx_word' id='word_1_224' title='bbox 618 1534 706 1571; x_wconf 87' lang='lat' dir='ltr'><strong>sunt</strong></span> <span class='ocrx_word' id='word_1_225' title='bbox 727 1533 899 1572; x_wconf 82' lang='lat' dir='ltr'><strong>inutilia.</strong></span> 
     </span>
    </p>

    <p class='ocr_par' dir='ltr' id='par_1_6' title="bbox 454 1589 1679 1756">
     <span class='ocr_line' id='line_1_29' title="bbox 513 1589 1676 1643; baseline 0 -16"><span class='ocrx_word' id='word_1_226' title='bbox 513 1589 623 1627; x_wconf 79' lang='lat' dir='ltr'><strong>Esto</strong></span> <span class='ocrx_word' id='word_1_227' title='bbox 616 1603 694 1639; x_wconf 82' lang='lat' dir='ltr'><strong>Jam</strong></span> <span class='ocrx_word' id='word_1_228' title='bbox 707 1590 895 1643; x_wconf 60' lang='lat' dir='ltr'><strong>punctum</strong></span> <span class='ocrx_word' id='word_1_229' title='bbox 910 1589 970 1628; x_wconf 90' lang='grc' dir='ltr'><strong>Α</strong></span> <span class='ocrx_word' id='word_1_230' title='bbox 960 1605 1003 1629; x_wconf 87' lang='lat' dir='ltr'><strong>m</strong></span> <span class='ocrx_word' id='word_1_231' title='bbox 1018 1591 1213 1643; x_wconf 79' lang='lat' dir='ltr'><strong>praecipuo</strong></span> <span class='ocrx_word' id='word_1_232' title='bbox 1228 1589 1377 1629; x_wconf 83' lang='lat' dir='ltr'><strong>vertice</strong></span> <span class='ocrx_word' id='word_1_233' title='bbox 1390 1590 1425 1627; x_wconf 90' lang='lat' dir='ltr'>C</span> <span class='ocrx_word' id='word_1_234' title='bbox 1443 1607 1450 1628; x_wconf 88' lang='lat'><strong>:</strong></span> <span class='ocrx_word' id='word_1_235' title='bbox 1466 1603 1545 1642; x_wconf 90' lang='lat' dir='ltr'><strong>quo</strong></span> <span class='ocrx_word' id='word_1_236' title='bbox 1562 1589 1676 1642; x_wconf 58' lang='lat' dir='ltr'><strong>pacto</strong></span> 
     </span>
     <span class='ocr_line' id='line_1_30' title="bbox 454 1643 1679 1700; baseline 0.001 -17"><span class='ocrx_word' id='word_1_237' title='bbox 454 1643 522 1683; x_wconf 89' lang='lat' dir='ltr'><strong>fiet</strong></span> <span class='ocrx_word' id='word_1_238' title='bbox 532 1646 657 1685; x_wconf 83' lang='lat' dir='ltr'><strong>ovalis</strong></span> <span class='ocrx_word' id='word_1_239' title='bbox 669 1645 786 1700; x_wconf 60' lang='lat' dir='ltr'><strong>quhm</strong></span> <span class='ocrx_word' id='word_1_240' title='bbox 799 1646 1015 1685; x_wconf 77' lang='lat' dir='ltr'><strong>acutiffima</strong></span> <span class='ocrx_word' id='word_1_241' title='bbox 1028 1644 1102 1684; x_wconf 89' lang='lat' dir='ltr'><strong>effe</strong></span> <span class='ocrx_word' id='word_1_242' title='bbox 1115 1646 1239 1700; x_wconf 87' lang='lat' dir='ltr'><strong>potest</strong></span> <span class='ocrx_word' id='word_1_243' title='bbox 1249 1645 1381 1685; x_wconf 71' lang='lat' dir='ltr'><strong>versus</strong></span> <span class='ocrx_word' id='word_1_244' title='bbox 1394 1645 1520 1699; x_wconf 68' lang='lat' dir='ltr'><strong>ipsum</strong></span> <span class='ocrx_word' id='word_1_245' title='bbox 1529 1646 1579 1695; x_wconf 86' lang='lat' dir='ltr'><strong>C,</strong></span> <span class='ocrx_word' id='word_1_246' title='bbox 1595 1658 1679 1684; x_wconf 85' lang='lat' dir='ltr'><strong>vet-</strong></span> 
     </span>
     <span class='ocr_line' id='line_1_31' title="bbox 456 1700 1678 1756; baseline 0 -17"><span class='ocrx_word' id='word_1_247' title='bbox 456 1700 517 1739; x_wconf 77' lang='lat' dir='ltr'><strong>sus</strong></span> <span class='ocrx_word' id='word_1_248' title='bbox 533 1703 563 1740; x_wconf 87' lang='lat' dir='ltr'><strong>E</strong></span> <span class='ocrx_word' id='word_1_249' title='bbox 578 1714 710 1740; x_wconf 86' lang='lat' dir='ltr'><strong>autem</strong></span> <span class='ocrx_word' id='word_1_250' title='bbox 724 1733 734 1747; x_wconf 91' lang='lat'><em>‚</em></span> <span class='ocrx_word' id='word_1_251' title='bbox 755 1702 872 1755; x_wconf 46' lang='lat' dir='ltr'><strong>quam</strong></span> <span class='ocrx_word' id='word_1_252' title='bbox 885 1702 1116 1742; x_wconf 79' lang='lat' dir='ltr'><strong>obtufiffima</strong></span> <span class='ocrx_word' id='word_1_253' title='bbox 1140 1721 1147 1742; x_wconf 93' lang='lat'>:</span> <span class='ocrx_word' id='word_1_254' title='bbox 1170 1702 1358 1756; x_wconf 79' lang='lat' dir='ltr'><strong>fiquidem</strong></span> <span class='ocrx_word' id='word_1_255' title='bbox 1372 1735 1382 1751; x_wconf 91' lang='lat'>,</span> <span class='ocrx_word' id='word_1_256' title='bbox 1405 1701 1498 1740; x_wconf 89' lang='lat' dir='ltr'><strong>dum</strong></span> <span class='ocrx_word' id='word_1_257' title='bbox 1513 1700 1624 1740; x_wconf 87' lang='lat' dir='ltr'><strong>focus</strong></span> <span class='ocrx_word' id='word_1_258' title='bbox 1639 1703 1678 1739; x_wconf 87' lang='lat' dir='ltr'>A</span> 
     </span>
    </p>
   </div>
   <div class='ocr_carea' id='block_1_5' title="bbox 445 1756 1675 1812">
    <p class='ocr_par' dir='ltr' id='par_1_7' title="bbox 445 1756 1675 1812">
     <span class='ocr_line' id='line_1_32' title="bbox 445 1756 1675 1812; baseline 0 -17"><span class='ocrx_word' id='word_1_259' title='bbox 445 1756 640 1810; x_wconf 65' lang='lat' dir='ltr'><strong>:procedit</strong></span> <span class='ocrx_word' id='word_1_260' title='bbox 656 1757 677 1796; x_wconf 79' lang='grc' dir='ltr'><strong>Ξι</strong></span> <span class='ocrx_word' id='word_1_261' title='bbox 694 1759 722 1796; x_wconf 92' lang='grc' dir='ltr'>Β</span> <span class='ocrx_word' id='word_1_262' title='bbox 736 1757 786 1796; x_wconf 87' lang='lat' dir='ltr'><strong>ad</strong></span> <span class='ocrx_word' id='word_1_263' title='bbox 796 1759 831 1796; x_wconf 91' lang='lat' dir='ltr'>C</span> <span class='ocrx_word' id='word_1_264' title='bbox 844 1791 855 1808; x_wconf 86' lang='lat'>‚</span> <span class='ocrx_word' id='word_1_265' title='bbox 872 1759 952 1812; x_wconf 84' lang='lat' dir='ltr'><strong>ipsa</strong></span> <span class='ocrx_word' id='word_1_266' title='bbox 965 1758 1089 1798; x_wconf 80' lang='lat' dir='ltr'><strong>ovalis</strong></span> <span class='ocrx_word' id='word_1_267' title='bbox 1101 1759 1143 1797; x_wconf 81' lang='lat' dir='ltr'><strong>in</strong></span> <span class='ocrx_word' id='word_1_268' title='bbox 1156 1759 1305 1798; x_wconf 82' lang='lat' dir='ltr'><strong>vertice</strong></span> <span class='ocrx_word' id='word_1_269' title='bbox 1318 1760 1352 1797; x_wconf 84' lang='lat' dir='ltr'>C</span> <span class='ocrx_word' id='word_1_270' title='bbox 1367 1757 1411 1796; x_wconf 87' lang='lat' dir='ltr'><strong>fit</strong></span> <span class='ocrx_word' id='word_1_271' title='bbox 1420 1757 1569 1811; x_wconf 84' lang='lat' dir='ltr'><strong>semper</strong></span> <span class='ocrx_word' id='word_1_272' title='bbox 1583 1771 1675 1795; x_wconf 79' lang='lat' dir='ltr'><strong>acu-</strong></span> 
     </span>
    </p>
   </div>
   <div class='ocr_carea' id='block_1_6' title="bbox 455 1813 1678 2094">
    <p class='ocr_par' dir='ltr' id='par_1_8' title="bbox 455 1813 1678 2094">
     <span class='ocr_line' id='line_1_33' title="bbox 459 1813 1676 1867; baseline 0.001 -16"><span class='ocrx_word' id='word_1_273' title='bbox 459 1813 560 1858; x_wconf 78' lang='lat' dir='ltr'><strong>tior3</strong></span> <span class='ocrx_word' id='word_1_274' title='bbox 586 1814 628 1852; x_wconf 83' lang='lat' dir='ltr'><strong>in</strong></span> <span class='ocrx_word' id='word_1_275' title='bbox 656 1815 686 1852; x_wconf 87' lang='lat' dir='ltr'>E</span> <span class='ocrx_word' id='word_1_276' title='bbox 707 1826 840 1853; x_wconf 85' lang='lat' dir='ltr'><strong>autem</strong></span> <span class='ocrx_word' id='word_1_277' title='bbox 857 1847 867 1864; x_wconf 85' lang='lat'>‚</span> <span class='ocrx_word' id='word_1_278' title='bbox 885 1815 1057 1853; x_wconf 84' lang='lat' dir='ltr'><strong>obtufior</strong></span> <span class='ocrx_word' id='word_1_279' title='bbox 1070 1847 1080 1863; x_wconf 84' lang='lat'>,</span> <span class='ocrx_word' id='word_1_280' title='bbox 1098 1814 1300 1867; x_wconf 80' lang='lat' dir='ltr'><strong>quousque</strong></span> <span class='ocrx_word' id='word_1_281' title='bbox 1314 1813 1393 1867; x_wconf 81' lang='lat' dir='ltr'><strong>ipse</strong></span> <span class='ocrx_word' id='word_1_282' title='bbox 1407 1814 1517 1852; x_wconf 84' lang='lat' dir='ltr'><strong>focus</strong></span> <span class='ocrx_word' id='word_1_283' title='bbox 1537 1816 1572 1852; x_wconf 89' lang='lat' dir='ltr'><strong>A</strong></span> <span class='ocrx_word' id='word_1_284' title='bbox 1586 1826 1676 1867; x_wconf 82' lang='lat' dir='ltr'><strong>per·</strong></span> 
     </span>
     <span class='ocr_line' id='line_1_34' title="bbox 457 1869 1678 1925; baseline 0 -17"><span class='ocrx_word' id='word_1_285' title='bbox 457 1870 613 1909; x_wconf 82' lang='lat' dir='ltr'><strong>venerit</strong></span> <span class='ocrx_word' id='word_1_286' title='bbox 641 1870 684 1909; x_wconf 84' lang='lat' dir='ltr'><strong>in</strong></span> <span class='ocrx_word' id='word_1_287' title='bbox 703 1871 759 1921; x_wconf 84' lang='lat' dir='ltr'><strong>C,</strong></span> <span class='ocrx_word' id='word_1_288' title='bbox 783 1869 806 1909; x_wconf 73' lang='grc' dir='ltr'><strong>Ξῑ</strong></span> <span class='ocrx_word' id='word_1_289' title='bbox 826 1885 905 1924; x_wconf 89' lang='lat' dir='ltr'><strong>quo</strong></span> <span class='ocrx_word' id='word_1_290' title='bbox 929 1869 1181 1925; x_wconf 84' lang='lat' dir='ltr'><strong>procedendo</strong></span> <span class='ocrx_word' id='word_1_291' title='bbox 1205 1884 1315 1909; x_wconf 71' lang='lat' dir='ltr'><strong>extra</strong></span> <span class='ocrx_word' id='word_1_292' title='bbox 1337 1871 1494 1909; x_wconf 79' lang='lat' dir='ltr'><strong>ovalem</strong></span> <span class='ocrx_word' id='word_1_293' title='bbox 1508 1904 1519 1920; x_wconf 84' lang='lat'>,</span> <span class='ocrx_word' id='word_1_294' title='bbox 1541 1883 1678 1909; x_wconf 85' lang='lat' dir='ltr'><strong>vertex</strong></span> 
     </span>
     <span class='ocr_line' id='line_1_35' title="bbox 456 1925 1676 1978; baseline 0.002 -15"><span class='ocrx_word' id='word_1_295' title='bbox 456 1926 493 1963; x_wconf 91' lang='lat' dir='ltr'>C</span> <span class='ocrx_word' id='word_1_296' title='bbox 518 1925 561 1964; x_wconf 89' lang='lat' dir='ltr'><strong>fit</strong></span> <span class='ocrx_word' id='word_1_297' title='bbox 586 1925 715 1966; x_wconf 70' lang='lat' dir='ltr'><strong>minus</strong></span> <span class='ocrx_word' id='word_1_298' title='bbox 734 1939 868 1967; x_wconf 86' lang='lat' dir='ltr'><strong>acutus</strong></span> <span class='ocrx_word' id='word_1_299' title='bbox 883 1961 892 1978; x_wconf 85' lang='lat'>‚</span> <span class='ocrx_word' id='word_1_300' title='bbox 923 1930 954 1966; x_wconf 77' lang='lat' dir='ltr'>E</span> <span class='ocrx_word' id='word_1_301' title='bbox 979 1927 1075 1967; x_wconf 76' lang='lat' dir='ltr'><strong>vero</strong></span> <span class='ocrx_word' id='word_1_302' title='bbox 1100 1926 1229 1966; x_wconf 73' lang='lat' dir='ltr'><strong>minus</strong></span> <span class='ocrx_word' id='word_1_303' title='bbox 1253 1927 1422 1966; x_wconf 85' lang='lat' dir='ltr'><strong>obtusus.</strong></span> <span class='ocrx_word' id='word_1_304' title='bbox 1456 1929 1512 1965; x_wconf 93' lang='lat' dir='ltr'><strong>At</strong></span> <span class='ocrx_word' id='word_1_305' title='bbox 1531 1927 1609 1965; x_wconf 91' lang='lat' dir='ltr'><strong>hoc</strong></span> <span class='ocrx_word' id='word_1_306' title='bbox 1633 1926 1676 1964; x_wconf 85' lang='lat' dir='ltr'><strong>in</strong></span> 
     </span>
     <span class='ocr_line' id='line_1_36' title="bbox 458 1980 1674 2038; baseline 0.001 -19"><span class='ocrx_word' id='word_1_307' title='bbox 458 1981 556 2021; x_wconf 76' lang='lat' dir='ltr'><strong>statu</strong></span> <span class='ocrx_word' id='word_1_308' title='bbox 576 1980 658 2023; x_wconf 82' lang='lat' dir='ltr'><strong>foci</strong></span> <span class='ocrx_word' id='word_1_309' title='bbox 681 1984 858 2038; x_wconf 82' lang='lat' dir='ltr'><strong>primarii</strong></span> <span class='ocrx_word' id='word_1_310' title='bbox 882 1987 918 2024; x_wconf 90' lang='lat' dir='ltr'><strong>A</strong></span> <span class='ocrx_word' id='word_1_311' title='bbox 939 1984 979 2023; x_wconf 83' lang='lat' dir='ltr'><strong>in</strong></span> <span class='ocrx_word' id='word_1_312' title='bbox 1001 1984 1196 2037; x_wconf 77' lang='lat' dir='ltr'><strong>praecipuo</strong></span> <span class='ocrx_word' id='word_1_313' title='bbox 1218 1984 1367 2023; x_wconf 81' lang='lat' dir='ltr'><strong>vertice</strong></span> <span class='ocrx_word' id='word_1_314' title='bbox 1388 1984 1423 2022; x_wconf 91' lang='lat' dir='ltr'>C</span> <span class='ocrx_word' id='word_1_315' title='bbox 1446 1982 1674 2030; x_wconf 48' lang='lat' dir='ltr'><strong>constituti,</strong></span> 
     </span>
     <span class='ocr_line' id='line_1_37' title="bbox 455 2038 1666 2094; baseline 0.001 -18"><span class='ocrx_word' id='word_1_316' title='bbox 455 2038 557 2078; x_wconf 56' lang='lat' dir='ltr'><strong>ratio</strong></span> <span class='ocrx_word' id='word_1_317' title='bbox 588 2041 670 2081; x_wconf 77' lang='lat' dir='ltr'>axis</span> <span class='ocrx_word' id='word_1_318' title='bbox 697 2042 768 2082; x_wconf 69' lang='grc' dir='ltr'><strong>(ΞΕ</strong></span> <span class='ocrx_word' id='word_1_319' title='bbox 797 2040 847 2083; x_wconf 86' lang='lat' dir='ltr'><strong>ad</strong></span> <span class='ocrx_word' id='word_1_320' title='bbox 871 2038 1065 2083; x_wconf 82' lang='lat' dir='ltr'><strong>exceffum</strong></span> <span class='ocrx_word' id='word_1_321' title='bbox 1088 2054 1167 2094; x_wconf 85' lang='lat' dir='ltr'><strong>quo</strong></span> <span class='ocrx_word' id='word_1_322' title='bbox 1190 2042 1294 2081; x_wconf 61' lang='lat' dir='ltr'><strong>recta</strong></span> <span class='ocrx_word' id='word_1_323' title='bbox 1315 2041 1383 2082; x_wconf 93' lang='lat' dir='ltr'><strong>BC</strong></span> <span class='ocrx_word' id='word_1_324' title='bbox 1412 2040 1584 2094; x_wconf 84' lang='lat' dir='ltr'><strong>superatr</strong></span> <span class='ocrx_word' id='word_1_325' title='bbox 1598 2051 1666 2077; x_wconf 84' lang='lat' dir='ltr'><strong>ec·-</strong></span> 
     </span>
    </p>
   </div>
  </div>
 </body>
</html>
