<?xml version="1.0" encoding="UTF-8"?>
<!DOCTYPE html PUBLIC "-//W3C//DTD XHTML 1.0 Transitional//EN"
    "http://www.w3.org/TR/xhtml1/DTD/xhtml1-transitional.dtd">
<html xmlns="http://www.w3.org/1999/xhtml" xml:lang="en" lang="en">
 <head>
  <title>
</title>
<meta http-equiv="Content-Type" content="text/html;charset=utf-8" />
  <meta name='ocr-system' content='tesseract 3.04.00' />
  <meta name='ocr-capabilities' content='ocr_page ocr_carea ocr_par ocr_line ocrx_word'/>
</head>
<body>
  <div class='ocr_page' id='page_1' title='image "./diversouvrages00robe_0176.png"; bbox 0 0 1915 2663; ppageno 0'>
   <div class='ocr_carea' id='block_1_1' title="bbox 453 119 1574 177">
    <p class='ocr_par' dir='ltr' id='par_1_1' title="bbox 453 119 1574 177">
     <span class='ocr_line' id='line_1_1' title="bbox 453 119 1574 177; baseline 0 -15"><span class='ocrx_word' id='word_1_1' title='bbox 453 139 527 177; x_wconf 76' lang='lat'>172</span> <span class='ocrx_word' id='word_1_2' title='bbox 585 123 660 162; x_wconf 65' lang='lat' dir='ltr'>DE</span> <span class='ocrx_word' id='word_1_3' title='bbox 692 119 1110 162; x_wconf 61' lang='lat' dir='ltr'>stornmom</span> <span class='ocrx_word' id='word_1_4' title='bbox 1145 121 1574 171; x_wconf 63' lang='lat' dir='ltr'>AEQUATmNUM:</span> 
     </span>
    </p>
   </div>
   <div class='ocr_carea' id='block_1_2' title="bbox 445 181 1683 2029">
    <p class='ocr_par' dir='ltr' id='par_1_2' title="bbox 450 181 1683 797">
     <span class='ocr_line' id='line_1_2' title="bbox 450 181 1667 237; baseline -0.001 -12"><span class='ocrx_word' id='word_1_5' title='bbox 450 186 546 225; x_wconf 83' lang='lat' dir='ltr'>culis</span> <span class='ocrx_word' id='word_1_6' title='bbox 577 184 651 221; x_wconf 82' lang='lat' dir='ltr'>five</span> <span class='ocrx_word' id='word_1_7' title='bbox 681 181 743 220; x_wconf 84' lang='lat' dir='ltr'>sex</span> <span class='ocrx_word' id='word_1_8' title='bbox 764 182 861 222; x_wconf 78' lang='lat' dir='ltr'>locis</span> <span class='ocrx_word' id='word_1_9' title='bbox 887 196 931 222; x_wconf 87' lang='lat' dir='ltr'>ut</span> <span class='ocrx_word' id='word_1_10' title='bbox 953 182 1064 237; x_wconf 65' lang='lat' dir='ltr'>supra</span> <span class='ocrx_word' id='word_1_11' title='bbox 1085 216 1094 233; x_wconf 87' lang='lat'>‚</span> <span class='ocrx_word' id='word_1_12' title='bbox 1119 182 1269 223; x_wconf 89' lang='lat' dir='ltr'>duobus</span> <span class='ocrx_word' id='word_1_13' title='bbox 1297 183 1457 237; x_wconf 85' lang='lat' dir='ltr'>quidem</span> <span class='ocrx_word' id='word_1_14' title='bbox 1485 184 1629 224; x_wconf 80' lang='lat' dir='ltr'>bafium</span> <span class='ocrx_word' id='word_1_15' title='bbox 1656 219 1667 236; x_wconf 86' lang='lat'>‚</span> 
     </span>
     <span class='ocr_line' id='line_1_3' title="bbox 451 237 1672 288; baseline 0.002 -9"><span class='ocrx_word' id='word_1_16' title='bbox 451 240 601 279; x_wconf 81' lang='lat' dir='ltr'>duobus</span> <span class='ocrx_word' id='word_1_17' title='bbox 614 251 840 278; x_wconf 85' lang='lat' dir='ltr'>centrorum</span> <span class='ocrx_word' id='word_1_18' title='bbox 856 272 866 288; x_wconf 83' lang='lat'>‚</span> <span class='ocrx_word' id='word_1_19' title='bbox 880 247 920 281; x_wconf 71' lang='grc' dir='ltr'>δε</span> <span class='ocrx_word' id='word_1_20' title='bbox 942 237 1092 278; x_wconf 89' lang='lat' dir='ltr'>duobus</span> <span class='ocrx_word' id='word_1_21' title='bbox 1121 239 1447 280; x_wconf 84' lang='lat' dir='ltr'>intervallorum:</span> <span class='ocrx_word' id='word_1_22' title='bbox 1461 240 1672 281; x_wconf 82' lang='lat' dir='ltr'>assumatur</span> 
     </span>
     <span class='ocr_line' id='line_1_4' title="bbox 452 294 1671 349; baseline 0.002 -15"><span class='ocrx_word' id='word_1_23' title='bbox 452 296 496 334; x_wconf 89' lang='lat' dir='ltr'>in</span> <span class='ocrx_word' id='word_1_24' title='bbox 522 295 649 349; x_wconf 88' lang='lat' dir='ltr'>primo</span> <span class='ocrx_word' id='word_1_25' title='bbox 672 296 761 333; x_wconf 86' lang='lat' dir='ltr'>loco</span> <span class='ocrx_word' id='word_1_26' title='bbox 777 295 945 343; x_wconf 80' lang='lat' dir='ltr'>basium,</span> <span class='ocrx_word' id='word_1_27' title='bbox 968 294 1136 346; x_wconf 86' lang='lat' dir='ltr'>quodvis</span> <span class='ocrx_word' id='word_1_28' title='bbox 1164 298 1351 348; x_wconf 63' lang='lat' dir='ltr'>punctum</span> <span class='ocrx_word' id='word_1_29' title='bbox 1376 299 1393 336; x_wconf 94' lang='lat' dir='ltr'>I</span> <span class='ocrx_word' id='word_1_30' title='bbox 1414 296 1517 336; x_wconf 85' lang='lat' dir='ltr'>inter</span> <span class='ocrx_word' id='word_1_31' title='bbox 1533 298 1560 336; x_wconf 80' lang='lat' dir='ltr'>F</span> <span class='ocrx_word' id='word_1_32' title='bbox 1575 305 1613 340; x_wconf 73' lang='grc' dir='ltr'>δε</span> <span class='ocrx_word' id='word_1_33' title='bbox 1628 298 1671 336; x_wconf 89' lang='lat' dir='ltr'>H</span> 
     </span>
     <span class='ocr_line' id='line_1_5' title="bbox 457 347 1679 407; baseline 0.002 -18"><span class='ocrx_word' id='word_1_34' title='bbox 457 357 468 401; x_wconf 91' lang='lat'>(</span> <span class='ocrx_word' id='word_1_35' title='bbox 486 352 586 390; x_wconf 65' lang='lat' dir='ltr'>ultra</span> <span class='ocrx_word' id='word_1_36' title='bbox 610 354 716 388; x_wconf 84' lang='lat' dir='ltr'>enim</span> <span class='ocrx_word' id='word_1_37' title='bbox 729 349 871 388; x_wconf 80' lang='lat' dir='ltr'>inutile</span> <span class='ocrx_word' id='word_1_38' title='bbox 893 347 980 387; x_wconf 88' lang='lat' dir='ltr'>fore</span> <span class='ocrx_word' id='word_1_39' title='bbox 994 349 1105 402; x_wconf 66' lang='lat' dir='ltr'>supra</span> <span class='ocrx_word' id='word_1_40' title='bbox 1124 363 1304 391; x_wconf 86' lang='lat' dir='ltr'>notatum</span> <span class='ocrx_word' id='word_1_41' title='bbox 1328 353 1403 402; x_wconf 88' lang='lat' dir='ltr'>est)</span> <span class='ocrx_word' id='word_1_42' title='bbox 1431 360 1471 394; x_wconf 73' lang='grc' dir='ltr'>δε</span> <span class='ocrx_word' id='word_1_43' title='bbox 1488 353 1679 407; x_wconf 76' lang='lat' dir='ltr'>jungatur</span> 
     </span>
     <span class='ocr_line' id='line_1_6' title="bbox 454 404 1672 461; baseline 0.002 -15"><span class='ocrx_word' id='word_1_44' title='bbox 454 409 558 447; x_wconf 60' lang='lat' dir='ltr'>recta</span> <span class='ocrx_word' id='word_1_45' title='bbox 576 408 632 445; x_wconf 90' lang='lat' dir='ltr'>AI</span> <span class='ocrx_word' id='word_1_46' title='bbox 647 439 658 456; x_wconf 78' lang='grc'>,</span> <span class='ocrx_word' id='word_1_47' title='bbox 676 406 718 444; x_wconf 91' lang='lat' dir='ltr'>in</span> <span class='ocrx_word' id='word_1_48' title='bbox 734 420 780 444; x_wconf 91' lang='lat' dir='ltr'>ea</span> <span class='ocrx_word' id='word_1_49' title='bbox 800 405 907 445; x_wconf 87' lang='lat' dir='ltr'>enirn</span> <span class='ocrx_word' id='word_1_50' title='bbox 929 405 1093 459; x_wconf 87' lang='lat' dir='ltr'>reperiri</span> <span class='ocrx_word' id='word_1_51' title='bbox 1105 404 1250 445; x_wconf 89' lang='lat' dir='ltr'>debent</span> <span class='ocrx_word' id='word_1_52' title='bbox 1270 407 1348 446; x_wconf 89' lang='lat' dir='ltr'>duo</span> <span class='ocrx_word' id='word_1_53' title='bbox 1370 410 1559 461; x_wconf 64' lang='lat' dir='ltr'>punctaX</span> <span class='ocrx_word' id='word_1_54' title='bbox 1577 442 1587 460; x_wconf 84' lang='lat'>,</span> <span class='ocrx_word' id='word_1_55' title='bbox 1610 412 1645 448; x_wconf 77' lang='lat' dir='ltr'>Y</span> <span class='ocrx_word' id='word_1_56' title='bbox 1661 442 1672 459; x_wconf 87' lang='lat'>‚</span> 
     </span>
     <span class='ocr_line' id='line_1_7' title="bbox 456 462 1675 515; baseline 0.002 -14"><span class='ocrx_word' id='word_1_57' title='bbox 456 462 506 501; x_wconf 87' lang='lat' dir='ltr'>ad</span> <span class='ocrx_word' id='word_1_58' title='bbox 529 463 686 502; x_wconf 78' lang='lat' dir='ltr'>ovalem</span> <span class='ocrx_word' id='word_1_59' title='bbox 705 462 942 515; x_wconf 82' lang='lat' dir='ltr'>pertinentia</span> <span class='ocrx_word' id='word_1_60' title='bbox 960 480 968 500; x_wconf 91' lang='lat'>:</span> <span class='ocrx_word' id='word_1_61' title='bbox 994 474 1078 500; x_wconf 86' lang='lat' dir='ltr'>tum</span> <span class='ocrx_word' id='word_1_62' title='bbox 1093 462 1202 500; x_wconf 82' lang='lat' dir='ltr'>arcui</span> <span class='ocrx_word' id='word_1_63' title='bbox 1225 463 1274 501; x_wconf 90' lang='lat' dir='ltr'>FI</span> <span class='ocrx_word' id='word_1_64' title='bbox 1295 462 1495 503; x_wconf 86' lang='lat' dir='ltr'>sumantur</span> <span class='ocrx_word' id='word_1_65' title='bbox 1512 463 1590 504; x_wconf 87' lang='lat' dir='ltr'>duo</span> <span class='ocrx_word' id='word_1_66' title='bbox 1607 465 1675 504; x_wconf 85' lang='lat' dir='ltr'>alii</span> 
     </span>
     <span class='ocr_line' id='line_1_8' title="bbox 457 517 1675 571; baseline 0.002 -13"><span class='ocrx_word' id='word_1_67' title='bbox 457 533 567 558; x_wconf 84' lang='lat' dir='ltr'>arcus</span> <span class='ocrx_word' id='word_1_68' title='bbox 582 518 720 557; x_wconf 79' lang='lat' dir='ltr'>similes</span> <span class='ocrx_word' id='word_1_69' title='bbox 734 551 745 568; x_wconf 91' lang='lat'>,</span> <span class='ocrx_word' id='word_1_70' title='bbox 766 520 863 557; x_wconf 83' lang='lat' dir='ltr'>alter</span> <span class='ocrx_word' id='word_1_71' title='bbox 880 517 1020 571; x_wconf 76' lang='lat' dir='ltr'>KQin</span> <span class='ocrx_word' id='word_1_72' title='bbox 1042 517 1169 570; x_wconf 90' lang='lat' dir='ltr'>primo</span> <span class='ocrx_word' id='word_1_73' title='bbox 1193 530 1421 559; x_wconf 87' lang='lat' dir='ltr'>centrorum</span> <span class='ocrx_word' id='word_1_74' title='bbox 1442 521 1532 558; x_wconf 90' lang='lat' dir='ltr'>loco</span> <span class='ocrx_word' id='word_1_75' title='bbox 1545 553 1555 569; x_wconf 81' lang='grc'>,</span> <span class='ocrx_word' id='word_1_76' title='bbox 1577 522 1675 560; x_wconf 84' lang='lat' dir='ltr'>alter</span> 
     </span>
     <span class='ocr_line' id='line_1_9' title="bbox 455 574 1675 628; baseline 0 -13"><span class='ocrx_word' id='word_1_77' title='bbox 455 576 526 615; x_wconf 83' lang='lat' dir='ltr'>ET</span> <span class='ocrx_word' id='word_1_78' title='bbox 541 575 582 614; x_wconf 90' lang='lat' dir='ltr'>in</span> <span class='ocrx_word' id='word_1_79' title='bbox 604 574 732 628; x_wconf 87' lang='lat' dir='ltr'>primo</span> <span class='ocrx_word' id='word_1_80' title='bbox 754 575 845 614; x_wconf 93' lang='lat' dir='ltr'>loco</span> <span class='ocrx_word' id='word_1_81' title='bbox 869 574 1169 613; x_wconf 78' lang='lat' dir='ltr'>intervallorum</span> <span class='ocrx_word' id='word_1_82' title='bbox 1186 593 1197 613; x_wconf 80' lang='lat'>.·</span> <span class='ocrx_word' id='word_1_83' title='bbox 1223 588 1267 613; x_wconf 81' lang='lat' dir='ltr'>ac</span> <span class='ocrx_word' id='word_1_84' title='bbox 1292 575 1444 628; x_wconf 86' lang='lat' dir='ltr'>sumpto</span> <span class='ocrx_word' id='word_1_85' title='bbox 1461 574 1675 616; x_wconf 81' lang='lat' dir='ltr'>intervallo</span> 
     </span>
     <span class='ocr_line' id='line_1_10' title="bbox 455 630 1680 686; baseline 0.002 -17"><span class='ocrx_word' id='word_1_86' title='bbox 455 632 537 685; x_wconf 77' lang='lat' dir='ltr'>QT</span> <span class='ocrx_word' id='word_1_87' title='bbox 553 663 563 677; x_wconf 87' lang='lat'><em>‚</em></span> <span class='ocrx_word' id='word_1_88' title='bbox 595 638 635 672; x_wconf 68' lang='lat' dir='ltr'>&amp;c</span> <span class='ocrx_word' id='word_1_89' title='bbox 658 630 757 684; x_wconf 82' lang='lat' dir='ltr'>pede</span> <span class='ocrx_word' id='word_1_90' title='bbox 777 630 919 670; x_wconf 75' lang='lat' dir='ltr'>circini</span> <span class='ocrx_word' id='word_1_91' title='bbox 942 643 1127 669; x_wconf 79' lang='lat' dir='ltr'>manente</span> <span class='ocrx_word' id='word_1_92' title='bbox 1151 630 1193 669; x_wconf 91' lang='lat' dir='ltr'>in</span> <span class='ocrx_word' id='word_1_93' title='bbox 1214 643 1352 669; x_wconf 88' lang='lat' dir='ltr'>centro</span> <span class='ocrx_word' id='word_1_94' title='bbox 1373 633 1451 686; x_wconf 70' lang='lat' dir='ltr'>Q,</span> <span class='ocrx_word' id='word_1_95' title='bbox 1487 634 1680 672; x_wconf 74' lang='lat' dir='ltr'>notentur</span> 
     </span>
     <span class='ocr_line' id='line_1_11' title="bbox 453 686 1683 741; baseline 0.001 -15"><span class='ocrx_word' id='word_1_96' title='bbox 453 689 578 726; x_wconf 83' lang='lat' dir='ltr'>altero</span> <span class='ocrx_word' id='word_1_97' title='bbox 608 686 706 741; x_wconf 85' lang='lat' dir='ltr'>pede</span> <span class='ocrx_word' id='word_1_98' title='bbox 729 687 869 727; x_wconf 89' lang='lat' dir='ltr'>mobili</span> <span class='ocrx_word' id='word_1_99' title='bbox 885 686 964 727; x_wconf 88' lang='lat' dir='ltr'>duo</span> <span class='ocrx_word' id='word_1_100' title='bbox 986 688 1128 741; x_wconf 59' lang='lat' dir='ltr'>puncta</span> <span class='ocrx_word' id='word_1_101' title='bbox 1152 688 1192 726; x_wconf 95' lang='lat' dir='ltr'>X</span> <span class='ocrx_word' id='word_1_102' title='bbox 1207 718 1218 736; x_wconf 83' lang='lat'>‚</span> <span class='ocrx_word' id='word_1_103' title='bbox 1233 688 1271 728; x_wconf 88' lang='lat' dir='ltr'><strong>Y</strong></span> <span class='ocrx_word' id='word_1_104' title='bbox 1289 719 1299 737; x_wconf 83' lang='grc'>,</span> <span class='ocrx_word' id='word_1_105' title='bbox 1322 686 1364 727; x_wconf 88' lang='lat' dir='ltr'>in</span> <span class='ocrx_word' id='word_1_106' title='bbox 1390 688 1496 727; x_wconf 54' lang='lat' dir='ltr'>reda</span> <span class='ocrx_word' id='word_1_107' title='bbox 1525 689 1582 727; x_wconf 91' lang='lat' dir='ltr'>AI</span> <span class='ocrx_word' id='word_1_108' title='bbox 1598 721 1610 739; x_wconf 88' lang='lat'>‚</span> <span class='ocrx_word' id='word_1_109' title='bbox 1635 701 1683 728; x_wconf 81' lang='lat' dir='ltr'>ut</span> 
     </span>
     <span class='ocr_line' id='line_1_12' title="bbox 452 743 783 797; baseline 0 -15"><span class='ocrx_word' id='word_1_110' title='bbox 452 743 693 797; x_wconf 82' lang='lat' dir='ltr'>propositum</span> <span class='ocrx_word' id='word_1_111' title='bbox 719 744 783 783; x_wconf 89' lang='lat' dir='ltr'>est.</span> 
     </span>
    </p>

    <p class='ocr_par' dir='ltr' id='par_1_3' title="bbox 446 798 1683 1912">
     <span class='ocr_line' id='line_1_13' title="bbox 505 798 1677 855; baseline 0.002 -17"><span class='ocrx_word' id='word_1_112' title='bbox 505 798 654 839; x_wconf 74' lang='lat' dir='ltr'>Verum</span> <span class='ocrx_word' id='word_1_113' title='bbox 669 833 679 849; x_wconf 76' lang='lat'>‚</span> <span class='ocrx_word' id='word_1_114' title='bbox 702 800 857 853; x_wconf 84' lang='lat' dir='ltr'>inquiet</span> <span class='ocrx_word' id='word_1_115' title='bbox 875 800 1015 854; x_wconf 86' lang='lat' dir='ltr'>aliquis</span> <span class='ocrx_word' id='word_1_116' title='bbox 1029 834 1039 850; x_wconf 88' lang='lat'>,</span> <span class='ocrx_word' id='word_1_117' title='bbox 1055 799 1261 854; x_wconf 81' lang='lat' dir='ltr'>possuntne</span> <span class='ocrx_word' id='word_1_118' title='bbox 1284 800 1464 855; x_wconf 77' lang='lat' dir='ltr'>prompte</span> <span class='ocrx_word' id='word_1_119' title='bbox 1491 815 1535 840; x_wconf 86' lang='lat' dir='ltr'>ac</span> <span class='ocrx_word' id='word_1_120' title='bbox 1557 815 1677 854; x_wconf 84' lang='lat' dir='ltr'>expe-</span> 
     </span>
     <span class='ocr_line' id='line_1_14' title="bbox 454 855 1677 910; baseline 0.001 -16"><span class='ocrx_word' id='word_1_121' title='bbox 454 855 537 894; x_wconf 70' lang='lat' dir='ltr'>dite</span> <span class='ocrx_word' id='word_1_122' title='bbox 562 856 699 896; x_wconf 88' lang='lat' dir='ltr'>haberi</span> <span class='ocrx_word' id='word_1_123' title='bbox 725 871 834 895; x_wconf 86' lang='lat' dir='ltr'>arcus</span> <span class='ocrx_word' id='word_1_124' title='bbox 854 856 993 895; x_wconf 81' lang='lat' dir='ltr'>ssmiles</span> <span class='ocrx_word' id='word_1_125' title='bbox 1015 857 1058 896; x_wconf 87' lang='lat' dir='ltr'>in</span> <span class='ocrx_word' id='word_1_126' title='bbox 1091 856 1249 897; x_wconf 83' lang='lat' dir='ltr'>diverfis</span> <span class='ocrx_word' id='word_1_127' title='bbox 1276 857 1399 910; x_wconf 86' lang='lat' dir='ltr'>iisque</span> <span class='ocrx_word' id='word_1_128' title='bbox 1419 857 1677 910; x_wconf 74' lang='lat' dir='ltr'>inaequalibus</span> 
     </span>
     <span class='ocr_line' id='line_1_15' title="bbox 454 910 1680 960; baseline 0.002 -10"><span class='ocrx_word' id='word_1_129' title='bbox 454 912 614 950; x_wconf 82' lang='lat' dir='ltr'>circulis</span> <span class='ocrx_word' id='word_1_130' title='bbox 633 923 643 951; x_wconf 68' lang='grc' dir='ltr'><strong>ἒ</strong></span> <span class='ocrx_word' id='word_1_131' title='bbox 679 910 841 951; x_wconf 84' lang='lat' dir='ltr'>Poffunt</span> <span class='ocrx_word' id='word_1_132' title='bbox 861 911 971 960; x_wconf 78' lang='lat' dir='ltr'>sane,</span> <span class='ocrx_word' id='word_1_133' title='bbox 986 927 1058 951; x_wconf 90' lang='lat' dir='ltr'>nec</span> <span class='ocrx_word' id='word_1_134' title='bbox 1078 926 1157 952; x_wconf 89' lang='lat' dir='ltr'>uno</span> <span class='ocrx_word' id='word_1_135' title='bbox 1169 912 1314 956; x_wconf 82' lang='lat' dir='ltr'>modo;</span> <span class='ocrx_word' id='word_1_136' title='bbox 1337 912 1478 952; x_wconf 88' lang='lat' dir='ltr'>sedhic</span> <span class='ocrx_word' id='word_1_137' title='bbox 1497 913 1680 952; x_wconf 82' lang='lat' dir='ltr'>omnium</span> 
     </span>
     <span class='ocr_line' id='line_1_16' title="bbox 455 966 1679 1022; baseline 0.003 -17"><span class='ocrx_word' id='word_1_138' title='bbox 455 966 667 1007; x_wconf 71' lang='lat' dir='ltr'>facillimus</span> <span class='ocrx_word' id='word_1_139' title='bbox 696 967 778 1017; x_wconf 85' lang='lat' dir='ltr'>jure</span> <span class='ocrx_word' id='word_1_140' title='bbox 799 966 927 1006; x_wconf 88' lang='lat' dir='ltr'>videri</span> <span class='ocrx_word' id='word_1_141' title='bbox 956 968 1080 1020; x_wconf 79' lang='lat' dir='ltr'>poffit.</span> <span class='ocrx_word' id='word_1_142' title='bbox 1136 971 1228 1008; x_wconf 90' lang='lat' dir='ltr'>Duc</span> <span class='ocrx_word' id='word_1_143' title='bbox 1259 983 1535 1022; x_wconf 85' lang='lat' dir='ltr'>quamcunque</span> <span class='ocrx_word' id='word_1_144' title='bbox 1560 969 1679 1010; x_wconf 68' lang='lat' dir='ltr'>basim</span> 
     </span>
     <span class='ocr_line' id='line_1_17' title="bbox 455 1022 1680 1078; baseline 0.002 -17"><span class='ocrx_word' id='word_1_145' title='bbox 455 1024 531 1062; x_wconf 83' lang='lat' dir='ltr'>BH</span> <span class='ocrx_word' id='word_1_146' title='bbox 558 1029 758 1072; x_wconf 83' lang='lat' dir='ltr'>(extrema</span> <span class='ocrx_word' id='word_1_147' title='bbox 785 1022 835 1062; x_wconf 86' lang='lat' dir='ltr'>ad</span> <span class='ocrx_word' id='word_1_148' title='bbox 855 1036 1074 1063; x_wconf 83' lang='lat' dir='ltr'>extremum</span> <span class='ocrx_word' id='word_1_149' title='bbox 1104 1026 1290 1077; x_wconf 55' lang='lat' dir='ltr'>punctum</span> <span class='ocrx_word' id='word_1_150' title='bbox 1315 1026 1357 1063; x_wconf 90' lang='lat' dir='ltr'><em>H</em></span> <span class='ocrx_word' id='word_1_151' title='bbox 1385 1025 1584 1078; x_wconf 82' lang='lat' dir='ltr'>pertinens</span> <span class='ocrx_word' id='word_1_152' title='bbox 1603 1057 1613 1074; x_wconf 85' lang='lat'>‚</span> <span class='ocrx_word' id='word_1_153' title='bbox 1635 1025 1680 1065; x_wconf 88' lang='lat' dir='ltr'>in</span> 
     </span>
     <span class='ocr_line' id='line_1_18' title="bbox 452 1079 1680 1134; baseline 0.002 -17"><span class='ocrx_word' id='word_1_154' title='bbox 452 1079 528 1118; x_wconf 85' lang='lat' dir='ltr'>hac</span> <span class='ocrx_word' id='word_1_155' title='bbox 561 1080 685 1132; x_wconf 83' lang='lat' dir='ltr'>prim-a</span> <span class='ocrx_word' id='word_1_156' title='bbox 712 1080 1027 1129; x_wconf 60' lang='lat' dir='ltr'>construetione,</span> <span class='ocrx_word' id='word_1_157' title='bbox 1055 1081 1216 1133; x_wconf 87' lang='lat' dir='ltr'>reliquis</span> <span class='ocrx_word' id='word_1_158' title='bbox 1246 1080 1416 1134; x_wconf 68' lang='lat' dir='ltr'>praestat,</span> <span class='ocrx_word' id='word_1_159' title='bbox 1441 1080 1483 1119; x_wconf 88' lang='lat' dir='ltr'>in</span> <span class='ocrx_word' id='word_1_160' title='bbox 1510 1079 1680 1120; x_wconf 80' lang='lat' dir='ltr'>secunda</span> 
     </span>
     <span class='ocr_line' id='line_1_19' title="bbox 451 1134 1679 1190; baseline 0.002 -16"><span class='ocrx_word' id='word_1_161' title='bbox 451 1135 765 1185; x_wconf 62' lang='lat' dir='ltr'>construclione,</span> <span class='ocrx_word' id='word_1_162' title='bbox 792 1136 895 1175; x_wconf 88' lang='lat' dir='ltr'>nihil</span> <span class='ocrx_word' id='word_1_163' title='bbox 920 1134 1064 1185; x_wconf 85' lang='lat' dir='ltr'>refert)</span> <span class='ocrx_word' id='word_1_164' title='bbox 1090 1151 1174 1190; x_wconf 82' lang='lat' dir='ltr'>quae</span> <span class='ocrx_word' id='word_1_165' title='bbox 1201 1136 1392 1190; x_wconf 54' lang='lat' dir='ltr'>producta</span> <span class='ocrx_word' id='word_1_166' title='bbox 1408 1135 1599 1190; x_wconf 71' lang='lat' dir='ltr'>quantuin</span> <span class='ocrx_word' id='word_1_167' title='bbox 1619 1137 1679 1176; x_wconf 68' lang='lat' dir='ltr'>sao</span> 
     </span>
     <span class='ocr_line' id='line_1_20' title="bbox 454 1190 1682 1245; baseline 0.002 -16"><span class='ocrx_word' id='word_1_168' title='bbox 454 1191 501 1230; x_wconf 80' lang='lat' dir='ltr'>tis</span> <span class='ocrx_word' id='word_1_169' title='bbox 520 1224 530 1240; x_wconf 83' lang='lat'>,</span> <span class='ocrx_word' id='word_1_170' title='bbox 559 1190 669 1230; x_wconf 85' lang='lat' dir='ltr'>dabit</span> <span class='ocrx_word' id='word_1_171' title='bbox 692 1191 734 1230; x_wconf 87' lang='lat' dir='ltr'>in</span> <span class='ocrx_word' id='word_1_172' title='bbox 753 1193 882 1245; x_wconf 88' lang='lat' dir='ltr'>primo</span> <span class='ocrx_word' id='word_1_173' title='bbox 905 1193 995 1230; x_wconf 92' lang='lat' dir='ltr'>loco</span> <span class='ocrx_word' id='word_1_174' title='bbox 1023 1205 1252 1231; x_wconf 85' lang='lat' dir='ltr'>centrorum</span> <span class='ocrx_word' id='word_1_175' title='bbox 1283 1207 1416 1231; x_wconf 83' lang='lat' dir='ltr'>arcum</span> <span class='ocrx_word' id='word_1_176' title='bbox 1445 1194 1544 1236; x_wconf 78' lang='lat' dir='ltr'>KR;</span> <span class='ocrx_word' id='word_1_177' title='bbox 1568 1207 1612 1231; x_wconf 82' lang='lat' dir='ltr'>ac</span> <span class='ocrx_word' id='word_1_178' title='bbox 1635 1193 1682 1233; x_wconf 87' lang='lat' dir='ltr'>in</span> 
     </span>
     <span class='ocr_line' id='line_1_21' title="bbox 451 1247 1679 1302; baseline 0.002 -17"><span class='ocrx_word' id='word_1_179' title='bbox 451 1247 580 1300; x_wconf 80' lang='lat' dir='ltr'>primo</span> <span class='ocrx_word' id='word_1_180' title='bbox 614 1248 942 1298; x_wconf 77' lang='lat' dir='ltr'>intervallorum,</span> <span class='ocrx_word' id='word_1_181' title='bbox 969 1263 1104 1288; x_wconf 80' lang='lat' dir='ltr'>arcum</span> <span class='ocrx_word' id='word_1_182' title='bbox 1137 1250 1195 1288; x_wconf 87' lang='lat' dir='ltr'>ES</span> <span class='ocrx_word' id='word_1_183' title='bbox 1212 1280 1223 1295; x_wconf 86' lang='lat'><em>‚</em></span> <span class='ocrx_word' id='word_1_184' title='bbox 1252 1249 1320 1302; x_wconf 89' lang='lat' dir='ltr'>qui</span> <span class='ocrx_word' id='word_1_185' title='bbox 1339 1249 1441 1287; x_wconf 88' lang='lat' dir='ltr'>inter</span> <span class='ocrx_word' id='word_1_186' title='bbox 1465 1248 1523 1298; x_wconf 85' lang='lat' dir='ltr'>se,</span> <span class='ocrx_word' id='word_1_187' title='bbox 1550 1256 1590 1290; x_wconf 73' lang='grc' dir='ltr'>δε</span> <span class='ocrx_word' id='word_1_188' title='bbox 1609 1248 1679 1302; x_wconf 88' lang='lat' dir='ltr'>ipfi</span> 
     </span>
     <span class='ocr_line' id='line_1_22' title="bbox 452 1303 1676 1344; baseline 0.002 -3"><span class='ocrx_word' id='word_1_189' title='bbox 452 1304 525 1341; x_wconf 82' lang='lat' dir='ltr'>FH</span> <span class='ocrx_word' id='word_1_190' title='bbox 541 1303 679 1342; x_wconf 80' lang='lat' dir='ltr'>ssmiles</span> <span class='ocrx_word' id='word_1_191' title='bbox 696 1317 821 1343; x_wconf 85' lang='lat' dir='ltr'>erunt.</span> <span class='ocrx_word' id='word_1_192' title='bbox 867 1303 1113 1344; x_wconf 82' lang='lat' dir='ltr'>Dividantur</span> <span class='ocrx_word' id='word_1_193' title='bbox 1135 1319 1272 1344; x_wconf 84' lang='lat' dir='ltr'>omnes</span> <span class='ocrx_word' id='word_1_194' title='bbox 1290 1305 1349 1343; x_wconf 92' lang='lat' dir='ltr'>illi</span> <span class='ocrx_word' id='word_1_195' title='bbox 1371 1318 1447 1343; x_wconf 87' lang='lat' dir='ltr'>tres</span> <span class='ocrx_word' id='word_1_196' title='bbox 1466 1319 1575 1344; x_wconf 84' lang='lat' dir='ltr'>arcus</span> <span class='ocrx_word' id='word_1_197' title='bbox 1601 1305 1676 1343; x_wconf 88' lang='lat' dir='ltr'>fin-</span> 
     </span>
     <span class='ocr_line' id='line_1_23' title="bbox 452 1359 1678 1414; baseline 0.002 -17"><span class='ocrx_word' id='word_1_198' title='bbox 452 1359 536 1412; x_wconf 82' lang='lat' dir='ltr'>guli</span> <span class='ocrx_word' id='word_1_199' title='bbox 559 1359 600 1397; x_wconf 91' lang='lat' dir='ltr'>in</span> <span class='ocrx_word' id='word_1_200' title='bbox 620 1372 877 1412; x_wconf 88' lang='lat' dir='ltr'>quotcunque</span> <span class='ocrx_word' id='word_1_201' title='bbox 901 1372 1027 1413; x_wconf 83' lang='lat' dir='ltr'>partes</span> <span class='ocrx_word' id='word_1_202' title='bbox 1045 1362 1211 1413; x_wconf 84' lang='lat' dir='ltr'>aequales</span> <span class='ocrx_word' id='word_1_203' title='bbox 1224 1393 1235 1410; x_wconf 85' lang='lat'>,</span> <span class='ocrx_word' id='word_1_204' title='bbox 1253 1361 1307 1399; x_wconf 83' lang='lat' dir='ltr'>ita</span> <span class='ocrx_word' id='word_1_205' title='bbox 1329 1373 1463 1399; x_wconf 83' lang='lat' dir='ltr'>tamen</span> <span class='ocrx_word' id='word_1_206' title='bbox 1487 1374 1530 1399; x_wconf 88' lang='lat' dir='ltr'>ut</span> <span class='ocrx_word' id='word_1_207' title='bbox 1550 1373 1678 1414; x_wconf 75' lang='lat' dir='ltr'>partes</span> 
     </span>
     <span class='ocr_line' id='line_1_24' title="bbox 451 1415 1676 1469; baseline 0.002 -16"><span class='ocrx_word' id='word_1_208' title='bbox 451 1415 565 1454; x_wconf 84' lang='lat' dir='ltr'>unius</span> <span class='ocrx_word' id='word_1_209' title='bbox 602 1415 674 1453; x_wconf 88' lang='lat' dir='ltr'>fint</span> <span class='ocrx_word' id='word_1_210' title='bbox 698 1430 857 1469; x_wconf 85' lang='lat' dir='ltr'>quoque</span> <span class='ocrx_word' id='word_1_211' title='bbox 888 1430 1053 1455; x_wconf 88' lang='lat' dir='ltr'>numero</span> <span class='ocrx_word' id='word_1_212' title='bbox 1087 1418 1251 1468; x_wconf 78' lang='lat' dir='ltr'>aequales</span> <span class='ocrx_word' id='word_1_213' title='bbox 1287 1416 1459 1469; x_wconf 83' lang='lat' dir='ltr'>partibus</span> <span class='ocrx_word' id='word_1_214' title='bbox 1484 1417 1642 1455; x_wconf 88' lang='lat' dir='ltr'>alterius</span> <span class='ocrx_word' id='word_1_215' title='bbox 1665 1435 1676 1456; x_wconf 89' lang='lat'>:</span> 
     </span>
     <span class='ocr_line' id='line_1_25' title="bbox 451 1469 1676 1525; baseline 0.002 -16"><span class='ocrx_word' id='word_1_216' title='bbox 451 1470 545 1523; x_wconf 66' lang='lat' dir='ltr'>put-a</span> <span class='ocrx_word' id='word_1_217' title='bbox 562 1503 572 1519; x_wconf 83' lang='lat'>,</span> <span class='ocrx_word' id='word_1_218' title='bbox 596 1470 797 1510; x_wconf 87' lang='lat' dir='ltr'>dividatur</span> <span class='ocrx_word' id='word_1_219' title='bbox 825 1471 1088 1524; x_wconf 84' lang='lat' dir='ltr'>unusquisque</span> <span class='ocrx_word' id='word_1_220' title='bbox 1106 1471 1277 1525; x_wconf 64' lang='lat' dir='ltr'>primum</span> <span class='ocrx_word' id='word_1_221' title='bbox 1300 1469 1507 1517; x_wconf 59' lang='lat' dir='ltr'>bifariam,</span> <span class='ocrx_word' id='word_1_222' title='bbox 1531 1471 1676 1511; x_wconf 87' lang='lat' dir='ltr'>deinde</span> 
     </span>
     <span class='ocr_line' id='line_1_26' title="bbox 452 1525 1683 1581; baseline 0.002 -17"><span class='ocrx_word' id='word_1_223' title='bbox 452 1525 637 1578; x_wconf 84' lang='lat' dir='ltr'>quaelibet</span> <span class='ocrx_word' id='word_1_224' title='bbox 658 1541 743 1580; x_wconf 79' lang='lat' dir='ltr'>pars</span> <span class='ocrx_word' id='word_1_225' title='bbox 766 1526 893 1566; x_wconf 71' lang='lat' dir='ltr'>rursus</span> <span class='ocrx_word' id='word_1_226' title='bbox 917 1525 1098 1566; x_wconf 61' lang='lat' dir='ltr'>bifariam</span> <span class='ocrx_word' id='word_1_227' title='bbox 1114 1560 1124 1577; x_wconf 89' lang='lat'>,</span> <span class='ocrx_word' id='word_1_228' title='bbox 1142 1541 1259 1581; x_wconf 86' lang='lat' dir='ltr'>atque</span> <span class='ocrx_word' id='word_1_229' title='bbox 1272 1528 1327 1566; x_wconf 89' lang='lat' dir='ltr'>ita</span> <span class='ocrx_word' id='word_1_230' title='bbox 1340 1526 1529 1567; x_wconf 71' lang='lat' dir='ltr'>continue</span> <span class='ocrx_word' id='word_1_231' title='bbox 1547 1543 1683 1581; x_wconf 31' lang='lat' dir='ltr'>quan-⁷</span> 
     </span>
     <span class='ocr_line' id='line_1_27' title="bbox 450 1581 1677 1637; baseline 0.003 -17"><span class='ocrx_word' id='word_1_232' title='bbox 450 1581 534 1620; x_wconf 66' lang='lat' dir='ltr'>tum</span> <span class='ocrx_word' id='word_1_233' title='bbox 554 1582 639 1635; x_wconf 86' lang='lat' dir='ltr'>quis</span> <span class='ocrx_word' id='word_1_234' title='bbox 664 1582 848 1622; x_wconf 83' lang='lat' dir='ltr'>voluerit.</span> <span class='ocrx_word' id='word_1_235' title='bbox 881 1583 976 1622; x_wconf 87' lang='lat' dir='ltr'>Hoc</span> <span class='ocrx_word' id='word_1_236' title='bbox 999 1583 1105 1622; x_wconf 87' lang='lat' dir='ltr'>enim</span> <span class='ocrx_word' id='word_1_237' title='bbox 1135 1585 1247 1637; x_wconf 55' lang='lat' dir='ltr'>padio</span> <span class='ocrx_word' id='word_1_238' title='bbox 1265 1617 1275 1633; x_wconf 81' lang='lat'>‚</span> <span class='ocrx_word' id='word_1_239' title='bbox 1302 1585 1445 1637; x_wconf 56' lang='lat' dir='ltr'>pumila</span> <span class='ocrx_word' id='word_1_240' title='bbox 1472 1598 1581 1622; x_wconf 85' lang='lat' dir='ltr'>arcus</span> <span class='ocrx_word' id='word_1_241' title='bbox 1600 1585 1677 1624; x_wconf 77' lang='lat' dir='ltr'>PH</span> 
     </span>
     <span class='ocr_line' id='line_1_28' title="bbox 451 1637 1676 1689; baseline 0.002 -13"><span class='ocrx_word' id='word_1_242' title='bbox 451 1638 721 1678; x_wconf 82' lang='lat' dir='ltr'>terminabunt</span> <span class='ocrx_word' id='word_1_243' title='bbox 741 1637 1050 1680; x_wconf 84' lang='lat' dir='ltr'>semidiametros</span> <span class='ocrx_word' id='word_1_244' title='bbox 1073 1642 1157 1689; x_wconf 87' lang='grc' dir='ltr'>ΑΙ,</span> <span class='ocrx_word' id='word_1_245' title='bbox 1179 1641 1262 1678; x_wconf 89' lang='lat' dir='ltr'>AH</span> <span class='ocrx_word' id='word_1_246' title='bbox 1280 1672 1290 1689; x_wconf 79' lang='lat'>,</span> <span class='ocrx_word' id='word_1_247' title='bbox 1309 1647 1385 1681; x_wconf 63' lang='grc' dir='ltr'>δίε.</span> <span class='ocrx_word' id='word_1_248' title='bbox 1432 1641 1580 1679; x_wconf 55' lang='lat' dir='ltr'>Puncta</span> <span class='ocrx_word' id='word_1_249' title='bbox 1606 1655 1676 1679; x_wconf 89' lang='lat' dir='ltr'>au-</span> 
     </span>
     <span class='ocr_line' id='line_1_29' title="bbox 449 1693 1676 1750; baseline 0.003 -19"><span class='ocrx_word' id='word_1_250' title='bbox 449 1707 529 1732; x_wconf 84' lang='lat' dir='ltr'>tem</span> <span class='ocrx_word' id='word_1_251' title='bbox 549 1693 740 1747; x_wconf 69' lang='lat' dir='ltr'>praediffls</span> <span class='ocrx_word' id='word_1_252' title='bbox 765 1695 906 1734; x_wconf 89' lang='lat' dir='ltr'>ordine</span> <span class='ocrx_word' id='word_1_253' title='bbox 924 1694 1273 1750; x_wconf 86' lang='lat' dir='ltr'>correspondentia</span> <span class='ocrx_word' id='word_1_254' title='bbox 1292 1696 1335 1734; x_wconf 92' lang='lat' dir='ltr'>in</span> <span class='ocrx_word' id='word_1_255' title='bbox 1359 1710 1452 1734; x_wconf 87' lang='lat' dir='ltr'>arcu</span> <span class='ocrx_word' id='word_1_256' title='bbox 1477 1698 1552 1734; x_wconf 90' lang='lat' dir='ltr'>KR</span> <span class='ocrx_word' id='word_1_257' title='bbox 1569 1728 1581 1744; x_wconf 84' lang='lat'>,</span> <span class='ocrx_word' id='word_1_258' title='bbox 1603 1695 1676 1735; x_wconf 85' lang='lat' dir='ltr'>da-</span> 
     </span>
     <span class='ocr_line' id='line_1_30' title="bbox 446 1749 1670 1805; baseline 0.002 -17"><span class='ocrx_word' id='word_1_259' title='bbox 446 1749 546 1788; x_wconf 87' lang='lat' dir='ltr'>bunt</span> <span class='ocrx_word' id='word_1_260' title='bbox 562 1762 697 1789; x_wconf 85' lang='lat' dir='ltr'>centra</span> <span class='ocrx_word' id='word_1_261' title='bbox 715 1752 782 1805; x_wconf 73' lang='lat' dir='ltr'>Q</span> <span class='ocrx_word' id='word_1_262' title='bbox 797 1752 832 1790; x_wconf 89' lang='lat' dir='ltr'>R</span> <span class='ocrx_word' id='word_1_263' title='bbox 857 1758 933 1791; x_wconf 88' lang='lat' dir='ltr'>&amp;c.</span> <span class='ocrx_word' id='word_1_264' title='bbox 957 1766 1002 1790; x_wconf 89' lang='lat' dir='ltr'>ac</span> <span class='ocrx_word' id='word_1_265' title='bbox 1026 1750 1184 1790; x_wconf 88' lang='lat' dir='ltr'>tandem</span> <span class='ocrx_word' id='word_1_266' title='bbox 1207 1752 1349 1804; x_wconf 67' lang='lat' dir='ltr'>punEhz</span> <span class='ocrx_word' id='word_1_267' title='bbox 1371 1750 1512 1789; x_wconf 84' lang='lat' dir='ltr'>eodem</span> <span class='ocrx_word' id='word_1_268' title='bbox 1528 1750 1670 1790; x_wconf 87' lang='lat' dir='ltr'>ordine</span> 
     </span>
     <span class='ocr_line' id='line_1_31' title="bbox 447 1805 1672 1859; baseline 0.002 -15"><span class='ocrx_word' id='word_1_269' title='bbox 447 1805 599 1859; x_wconf 84' lang='lat' dir='ltr'>sumpta</span> <span class='ocrx_word' id='word_1_270' title='bbox 617 1805 660 1844; x_wconf 90' lang='lat' dir='ltr'>in</span> <span class='ocrx_word' id='word_1_271' title='bbox 673 1820 766 1844; x_wconf 89' lang='lat' dir='ltr'>arcu</span> <span class='ocrx_word' id='word_1_272' title='bbox 779 1807 837 1845; x_wconf 78' lang='lat' dir='ltr'>Es</span> <span class='ocrx_word' id='word_1_273' title='bbox 852 1838 863 1855; x_wconf 85' lang='grc'>,</span> <span class='ocrx_word' id='word_1_274' title='bbox 884 1807 1154 1846; x_wconf 87' lang='lat' dir='ltr'>terminabunt</span> <span class='ocrx_word' id='word_1_275' title='bbox 1175 1807 1397 1847; x_wconf 85' lang='lat' dir='ltr'>intervalla.</span> <span class='ocrx_word' id='word_1_276' title='bbox 1416 1808 1570 1846; x_wconf 77' lang='lat' dir='ltr'>Caetera</span> <span class='ocrx_word' id='word_1_277' title='bbox 1582 1807 1672 1847; x_wconf 87' lang='lat' dir='ltr'>sunt</span> 
     </span>
     <span class='ocr_line' id='line_1_32' title="bbox 446 1860 1253 1912; baseline 0.001 -12"><span class='ocrx_word' id='word_1_278' title='bbox 446 1860 582 1901; x_wconf 81' lang='lat' dir='ltr'>facilia</span> <span class='ocrx_word' id='word_1_279' title='bbox 594 1894 605 1912; x_wconf 80' lang='grc'>,</span> <span class='ocrx_word' id='word_1_280' title='bbox 624 1876 695 1901; x_wconf 87' lang='lat' dir='ltr'>nec</span> <span class='ocrx_word' id='word_1_281' title='bbox 711 1861 765 1900; x_wconf 88' lang='lat' dir='ltr'>est</span> <span class='ocrx_word' id='word_1_282' title='bbox 778 1862 902 1900; x_wconf 89' lang='lat' dir='ltr'>curin</span> <span class='ocrx_word' id='word_1_283' title='bbox 919 1863 964 1901; x_wconf 86' lang='lat' dir='ltr'>iis</span> <span class='ocrx_word' id='word_1_284' title='bbox 982 1862 1253 1902; x_wconf 85' lang='lat' dir='ltr'>immoremur.</span> 
     </span>
    </p>

    <p class='ocr_par' dir='ltr' id='par_1_4' title="bbox 445 1917 1668 2029">
     <span class='ocr_line' id='line_1_33' title="bbox 503 1917 1668 1973; baseline 0.002 -16"><span class='ocrx_word' id='word_1_285' title='bbox 503 1917 706 1971; x_wconf 81' lang='lat' dir='ltr'>Expeditis</span> <span class='ocrx_word' id='word_1_286' title='bbox 727 1930 770 1956; x_wconf 82' lang='lat' dir='ltr'>ut</span> <span class='ocrx_word' id='word_1_287' title='bbox 799 1917 936 1972; x_wconf 64' lang='lat' dir='ltr'>supra,</span> <span class='ocrx_word' id='word_1_288' title='bbox 962 1934 1046 1972; x_wconf 77' lang='lat' dir='ltr'>quae</span> <span class='ocrx_word' id='word_1_289' title='bbox 1080 1917 1128 1957; x_wconf 91' lang='lat' dir='ltr'>ad</span> <span class='ocrx_word' id='word_1_290' title='bbox 1151 1918 1323 1973; x_wconf 86' lang='lat' dir='ltr'>primum</span> <span class='ocrx_word' id='word_1_291' title='bbox 1347 1927 1387 1961; x_wconf 73' lang='grc' dir='ltr'>δε</span> <span class='ocrx_word' id='word_1_292' title='bbox 1409 1931 1593 1973; x_wconf 85' lang='lat' dir='ltr'>quartum</span> <span class='ocrx_word' id='word_1_293' title='bbox 1620 1934 1668 1959; x_wconf 75' lang='lat' dir='ltr'>ex</span> 
     </span>
     <span class='ocr_line' id='line_1_34' title="bbox 445 1974 1663 2029; baseline 0.002 -17"><span class='ocrx_word' id='word_1_294' title='bbox 445 1974 590 2013; x_wconf 75' lang='lat' dir='ltr'>cafibus</span> <span class='ocrx_word' id='word_1_295' title='bbox 613 1974 912 2028; x_wconf 81' lang='lat' dir='ltr'>particularibus</span> <span class='ocrx_word' id='word_1_296' title='bbox 936 1974 1219 2014; x_wconf 68' lang='lat' dir='ltr'>refraaionum</span> <span class='ocrx_word' id='word_1_297' title='bbox 1243 1975 1514 2029; x_wconf 81' lang='lat' dir='ltr'>pertinebant,</span> <span class='ocrx_word' id='word_1_298' title='bbox 1532 1976 1663 2029; x_wconf 87' lang='lat' dir='ltr'>super-</span> 
     </span>
    </p>
   </div>
   <div class='ocr_carea' id='block_1_3' title="bbox 443 2030 1664 2089">
    <p class='ocr_par' dir='ltr' id='par_1_5' title="bbox 443 2030 1664 2089">
     <span class='ocr_line' id='line_1_35' title="bbox 443 2030 1664 2089; baseline 0.002 -21"><span class='ocrx_word' id='word_1_299' title='bbox 443 2030 497 2069; x_wconf 77' lang='lat' dir='ltr'>est</span> <span class='ocrx_word' id='word_1_300' title='bbox 517 2045 620 2072; x_wconf 90' lang='lat' dir='ltr'>nunc</span> <span class='ocrx_word' id='word_1_301' title='bbox 646 2043 688 2074; x_wconf 85' lang='lat' dir='ltr'>ut</span> <span class='ocrx_word' id='word_1_302' title='bbox 709 2031 871 2087; x_wconf 85' lang='lat' dir='ltr'>reliquis</span> <span class='ocrx_word' id='word_1_303' title='bbox 887 2030 1038 2074; x_wconf 88' lang='lat' dir='ltr'>duobus</span> <span class='ocrx_word' id='word_1_304' title='bbox 1053 2063 1066 2082; x_wconf 86' lang='lat'><em>,</em></span> <span class='ocrx_word' id='word_1_305' title='bbox 1089 2031 1260 2074; x_wconf 85' lang='lat' dir='ltr'>secundo</span> <span class='ocrx_word' id='word_1_306' title='bbox 1290 2032 1440 2089; x_wconf 71' lang='lat' dir='ltr'>seilicet</span> <span class='ocrx_word' id='word_1_307' title='bbox 1461 2039 1502 2076; x_wconf 73' lang='grc' dir='ltr'>δι</span> <span class='ocrx_word' id='word_1_308' title='bbox 1522 2031 1640 2073; x_wconf 88' lang='lat' dir='ltr'>tertio</span> <span class='ocrx_word' id='word_1_309' title='bbox 1653 2065 1664 2084; x_wconf 85' lang='lat'>‚</span> 
     </span>
    </p>
   </div>
  </div>
 </body>
</html>
