1915 2663
495 161 578 211 ’392‘
871 151 949 193 DE
998 152 1358 194 TROCHOIDE.'

494 216 731 272 quadrarum
755 212 1037 256 semidiametri
1057 217 1173 256 toties
1188 217 1383 271 sumptum
1399 216 1453 256 est
1468 215 1622 257 decima
1634 216 1719 259 sex*

495 288 535 313 ta
563 288 648 327 pars
671 271 852 312 omnium
874 272 1158 327 quadratorum
1175 274 1718 328 parallelogrammicircum-

497 329 631 384 scripti
644 329 749 369 circa
767 329 1020 369 trochoidem
1036 349 1043 369 :
1061 331 1139 369 hoc
1156 344 1251 383 ergo
1266 331 1432 370 solidum
1447 343 1584 385 quater
1597 330 1720 386 sump÷

498 399 581 426 tum
604 387 784 425 octavam
809 386 930 425 totius
953 385 1123 441 cylindri
1142 386 1429 442 circumscripti
1450 402 1601 441 partem
1622 402 1723 428 con-

499 442 622 482 stituit
647 461 655 483 2
679 441 840 482 tandem
864 441 960 497 ergo
992 442 1165 497 sequitur
1194 455 1324 482 totum
1347 444 1514 483 solidum
1539 444 1721 484 trochoi-

501 499 561 539 dis
591 499 697 539 circa
734 499 853 540 bafim
885 500 1006 539 totius
1032 498 1204 555 cylindri
1235 499 1520 556 circumscripti
1545 501 1723 557 quinque

499 558 658 597 ociavas
682 569 812 611 partes
833 557 1071 597 constituere
1089 556 1120 606 ἑ.

557 615 634 654 Vel
653 614 766 653 aliter
791 615 870 654 hoc
892 613 1000 654 idem
1023 614 1191 655 solidum
1209 613 1317 669 quod
1338 613 1360 653 a
1382 613 1723 660 trochoidis-socii

499 670 605 710 circa
626 670 798 721 ejusdem
819 671 938 712 bafim
954 672 1241 713 circumvoluta
1259 671 1490 711 describitur
1504 704 1514 721 ,
1529 669 1577 710 ad
1594 684 1724 712 totum

498 727 722 781 cylindrum
747 728 794 768 sic
814 729 1120 784 comparabitur.
1150 728 1358 778 Quoniam
1381 730 1563 782 planum,
1589 742 1638 766 ex
1660 741 1726 768 cu-

499 784 558 835 jus
579 785 836 825 conversione
852 786 962 825 circa
983 786 1102 826 balim
1123 784 1345 825 trochoidis
1363 784 1407 823 fit
1431 785 1509 823 tale
1526 783 1724 836 solidum,

501 839 552 880 ad
571 842 843 896 rectangulum
858 842 926 896 ipfi
944 842 1305 896 circumscriptum,
1318 856 1364 880 ex
1377 841 1484 891 cujus
1501 840 1728 880 conversio..

503 911 554 936 ne
575 897 620 935 fit
633 910 742 937 totus
757 898 956 951 cylindrus
971 898 1006 937 se
1019 899 1138 937 habet
1157 911 1200 937 ut
1220 899 1369 937 summa
1380 897 1561 936 omnium
1574 896 1726 938 sinuum

499 953 702 993 versorum
726 953 938 994 secundum
960 956 1122 1009 :equales
1147 969 1257 994 arcus
1279 953 1520 1007 sumptorum
1536 984 1544 998 ,
1565 952 1616 991 ad
1637 951 1727 994 dia.-

499 1023 672 1050 metrum
690 1011 807 1050 toties
825 1011 1043 1066 sumptuum
1066 1011 1141 1051 erit
1166 1009 1333 1050 solidum
1353 1008 1403 1048 ad
1422 1007 1646 1062 cylindrum
1659 1021 1727 1058 ‚ut

498 1066 650 1107 summa
667 1068 848 1109 omnium
869 1067 1154 1123 quadratorum
1173 1068 1220 1107 ab
1242 1066 1430 1107 omnibus
1451 1065 1592 1105 finibus
1609 1065 1727 1106 versis

496 1123 713 1165 secundum
738 1127 903 1179 aequales
922 1140 1032 1165 arcus
1055 1124 1237 1179 sumptis,
1256 1123 1306 1164 ad
1326 1121 1562 1177 quadratum
1580 1121 1728 1162 diame-

498 1181 550 1220 tri
571 1181 688 1221 toties
712 1181 921 1237 sumptum.
955 1185 1011 1222 At
1030 1182 1112 1222 haec
1135 1181 1237 1221 ratio
1265 1181 1318 1220 est
1335 1192 1378 1219 ut
1401 1196 1416 1232 3
1446 1177 1497 1218 ad
1520 1182 1540 1219 8
1556 1211 1567 1229 ,
1593 1186 1634 1220 δε
1655 1178 1728 1220 ad÷

498 1236 581 1277 dita
611 1239 750 1292 quarta
769 1253 878 1294 parte
899 1239 1020 1279 totius
1042 1237 1237 1292 cylindri,
1252 1238 1331 1283 hoc
1355 1237 1408 1275 est
1430 1236 1578 1276 annulo
1596 1235 1726 1276 strieco

501 1293 552 1333 de
580 1310 659 1349 quo
683 1296 815 1350 fiipra÷
837 1295 881 1335 fit
899 1309 942 1335 ut
959 1308 1087 1335 totum
1106 1294 1274 1334 solidum
1298 1292 1520 1333 trochoidis
1535 1292 1641 1331 circa
1658 1292 1727 1331 ba-

503 1350 570 1390 sim
589 1352 710 1391 totius
732 1352 905 1406 cylindri
928 1350 1214 1405 circumscripti
1237 1350 1413 1405 quinque
1426 1351 1581 1391 oiiavas:
1599 1360 1728 1402 partes

499 1407 713 1448 constituat
728 1442 738 1459 ‚
758 1421 801 1448 ut
825 1408 943 1463 prius.

560 1467 610 1503 Et
633 1463 796 1517 quidem
820 1465 1011 1515 ejusmodi
1028 1467 1134 1505 ratio
1157 1471 1176 1520 ξ
1196 1464 1244 1504 de
1266 1464 1342 1519 qua
1357 1464 1435 1516 jam
1450 1463 1601 1517 egimus
1615 1476 1729 1516 ,geo·

501 1519 666 1561 metrice
688 1522 781 1562 vera
795 1523 848 1561 est
861 1555 872 1572 ‚
889 1537 934 1561 ac
956 1522 1110 1576 prorsus
1134 1535 1329 1561 accurata.
1362 1525 1417 1560 At
1437 1521 1543 1559 circa
1562 1519 1729 1560 solidum

500 1576 609 1631 quod
633 1576 677 1616 fit
708 1592 755 1617 ex
778 1579 1035 1620 conversione
1060 1578 1280 1618 trochoidis
1305 1579 1411 1617 circa
1433 1591 1570 1627 axem,
1591 1575 1728 1616 eadem

498 1633 698 1674 certitudo
727 1650 810 1674 non
833 1636 1035 1689 contingit
1051 1669 1061 1686 ,
1084 1650 1156 1674 nec
1180 1635 1326 1689 potest,
1340 1634 1411 1674 nifi
1433 1631 1729 1674 inventafuerit

501 1691 605 1731 ratio
631 1690 815 1731 diametri
835 1705 930 1732 rotae
957 1692 1006 1732 ad
1028 1693 1106 1744 ejus
1131 1689 1510 1731 circumferentiam.

560 1749 707 1801 Neque
736 1749 857 1789 etiam
880 1764 1086 1790 movemur
1110 1749 1220 1802 quod
1249 1748 1498 1802 Evangelista
1522 1747 1728 1788 Torticel-

502 1805 576 1844 lius
603 1804 742 1844 afferat
767 1807 845 1844 tale
864 1805 1034 1845 solidum
1055 1805 1104 1845 ad
1128 1805 1238 1845 suum
1258 1804 1480 1860 cylindrum
1498 1809 1514 1853 <
1537 1804 1605 1856 qui
1625 1804 1730 1842 scili-

501 1874 566 1902 cet
585 1861 839 1901 altitudinem
865 1863 1008 1903 habeat
1031 1876 1144 1902 axem
1167 1860 1410 1910 trochoidis,
1435 1873 1474 1899 at
1493 1859 1733 1900 diametrum

502 1918 595 1959 bafis
626 1918 743 1959 basim
769 1918 940 1970 ejusdem
966 1917 1213 1967 trochoidis)
1241 1919 1437 1959 rationem
1464 1916 1630 1956 candem
1657 1917 1731 1956 ha·-

502 1975 594 2015 bere
621 1990 741 2029 quam
764 1975 953 2016 undecim
985 1975 1034 2015 ad
1055 1973 1300 2020 ociodecinn
1326 1975 1409 2013 -haec
1433 1974 1540 2013 enim
1565 1974 1666 2019 ratio
1690 1981 1725 2028 {3¹3

502 2033 634 2073 minor
655 2033 709 2072 est
730 2033 847 2088 quam
873 2048 980 2073 vera.

562 2087 628 2129 Ad
654 2089 731 2130 hoc
756 2103 889 2130 autern
918 2089 1149 2132 admittatur
1182 2087 1310 2140 mustis
1339 2087 1449 2130 socia
1485 2084 1732 2146 trochoidis,

1624 2156 1732 2195 cujus
