1915 2663
456 143 537 181 '212
585 137 662 175 DE
694 120 1104 174 Rnsowmdm
1140 130 1560 184 AEQUATrONUMss

504 238 757 306 Propositum
791 237 918 286 locum
949 243 1234 304 geometricum
1271 239 1326 286 ad
1363 244 1633 307 aequationem

539 306 795 372 anabtticam
822 325 1041 362 revocare,
1060 319 1120 361 ξφ
1149 313 1217 374 qui
1240 306 1493 375 simpliciores
1504 306 1598 370 sint·

749 373 849 433 loci,
880 387 955 420 aut
974 374 1124 441 fictis,
1156 374 1372 442 explicare.

591 484 609 521 Ι
624 496 647 521 c
661 498 674 522 1
692 496 716 522 T
731 495 756 521 U
772 496 801 521 R
834 483 942 521 locus
963 480 1104 535 aliquis
1127 483 1390 535 geometricus
1415 482 1465 522 ad
1487 484 1687 537 aequatio-'2

456 482 685 596 Dnem
714 538 953 593 analyticam
987 538 1188 587 revocari,
1218 538 1309 578 cum
1338 551 1384 577 ex
1413 553 1492 577 una
1514 540 1645 592 aliqua
1668 573 1687 590 ,

459 602 524 636 vel
544 610 590 635 ex
615 595 788 648 pluribus
812 610 859 635 ex
889 594 994 634 illius
1015 594 1319 649 proprietatibus
1341 594 1551 649 specificis,
1574 610 1684 652 quae-

461 651 552 691 dam
588 650 796 690 deducitur
820 652 990 706 aequatio
1014 650 1210 704 analytica
1225 685 1235 701 ‚
1254 651 1296 690 in
1317 666 1394 705 qua
1416 666 1495 690 una
1512 652 1576 691 vel
1597 650 1686 691 dua:

461 710 523 748 vel
553 721 630 747 tres
652 707 701 747 ad
727 707 920 747 summum
946 708 1018 746 smt
1038 707 1332 760 magnitudines
1354 707 1581 761 incognitae.
1682 711 1684 713 ’

518 766 579 804 Ac
602 763 752 818 duplici
777 764 938 818 quidem
957 764 1078 803 modo
1101 764 1188 802 talis
1210 766 1317 803 locus
1344 764 1392 804 ad
1410 766 1529 802 talem
1552 779 1688 818 aequa-

461 821 614 860 tionem
639 822 820 861 revocari
848 821 984 875 potest.
1034 819 1185 861 Primus
1211 819 1350 861 modus
1378 821 1573 861 absolutus
1600 821 1688 870 est,

461 879 558 916 alter
587 877 833 931 respectivus.

519 932 668 972 Modus
698 933 895 972 absolutus
922 933 1068 974 dicitur
1100 935 1167 974 ille
1193 936 1234 975 in
1262 950 1342 990 quo
1370 935 1507 975 unicus
1535 940 1685 988 prop04

457 989 564 1029 nitur
598 991 707 1029 locus
741 1004 807 1043 per
838 990 874 1028 se
907 990 1080 1029 absolute
1109 1006 1154 1030 ac
1176 993 1288 1030 nullo
1317 992 1486 1031 aliorum
1509 991 1684 1044 respectu

458 1044 762 1086 considerandus
777 1079 788 1096 ,
810 1046 866 1085 ita
894 1059 938 1085 ut
960 1047 1129 1100 aequatio
1160 1063 1214 1087 ex.
1230 1063 1277 1087 eo
1299 1047 1467 1088 deducta
1488 1047 1538 1086 ad
1558 1046 1684 1100 ipsum¹

458 1101 617 1155 praecise
639 1103 834 1156 pertineat
850 1136 860 1152 ‚
880 1118 963 1142 non
982 1104 1079 1144 verb
1108 1103 1157 1143 ad
1178 1106 1304 1144 ullum
1326 1105 1458 1144 alium.

515 1157 664 1198 Modus
687 1158 921 1212 respectivus
941 1159 1009 1197 ille
1031 1160 1086 1198 est
1106 1160 1149 1199 in
1178 1176 1257 1215 quo
1279 1160 1358 1200 duo
1386 1161 1652 1200 communiter
1671 1166 1687 1211 ,“

461 1214 679 1268 aliquando
704 1216 846 1266 etiam,
866 1214 931 1254 sed
953 1215 1066 1264 raro,
1092 1228 1168 1255 tres
1191 1219 1255 1257 vel
1279 1219 1407 1272 plures
1432 1218 1511 1256 loci
1538 1232 1690 1272 propo-

463 1284 610 1311 nuntur
631 1271 734 1311 inter
763 1272 799 1311 se
818 1271 1104 1326 comparandi,
1131 1286 1174 1312 ut
1194 1289 1241 1313 ex
1265 1289 1404 1313 eorum
1418 1273 1608 1323 sectione,
1624 1273 1690 1313 vel

464 1327 639 1367 tactione
653 1361 663 1378 ,
687 1329 750 1367 vel
773 1327 865 1368 data
877 1329 1008 1382 aliqua
1030 1327 1211 1368 distantia
1230 1363 1240 1380 ,
1258 1332 1326 1370 νεὶ
1342 1330 1510 1369 omnino
1532 1345 1577 1368 ex
1594 1344 1691 1383 praeae

465 1383 608 1437 scripta
628 1384 761 1438 aliqua
782 1384 1037 1435 conditione,
1054 1386 1117 1424 vel
1130 1386 1233 1425 inter
1250 1386 1351 1440 ipsos
1367 1385 1602 1425 habitudine
1614 1386 1689 1426 de-

464 1438 630 1480 ducatur
656 1442 825 1494 aequatio
857 1441 990 1495 aliqua
1018 1442 1215 1495 analytica
1247 1458 1332 1497 quae
1356 1441 1406 1482 ad
1433 1458 1569 1482 omnes
1593 1443 1686 1482 istos

466 1496 576 1534 locos
594 1496 722 1535 ‘simul
747 1497 818 1536 tali
840 1498 1013 1551 respectu
1044 1499 1260 1552 pertineat;
1283 1499 1338 1538 ita
1360 1513 1494 1538 tamen
1515 1512 1558 1538 ut
1582 1499 1690 1539 nihixl

464 1550 613 1591 referat
627 1552 652 1590 fi
666 1553 836 1605 aequatio
846 1553 915 1592 illa
928 1553 977 1593 ad
990 1554 1087 1593 alios
1103 1555 1223 1595 etiam
1233 1557 1342 1595 locos
1355 1557 1550 1610 pertinere
1562 1555 1686 1609 possit.

517 1609 568 1648 Et
585 1608 628 1647 hi
645 1608 807 1662 quidem
828 1608 937 1649 modi
955 1610 1070 1650 ambo
1088 1611 1303 1651 admodum
1324 1612 1559 1652 universales
1575 1611 1686 1660 sunt,

463 1664 753 1719 continentque
784 1666 850 1706 sub
884 1666 920 1705 se
947 1666 1087 1721 smguli
1113 1667 1289 1709 infinitos
1318 1669 1571 1723 particulares
1598 1684 1687 1708 mo·-

463 1720 558 1770 dos,
581 1736 666 1760 non
698 1721 822 1761 solum
853 1723 988 1762 habita
1019 1724 1176 1763 ratione
1207 1725 1470 1765 multitudinis
1506 1727 1687 1765 locorum

442 1787 445 1788 ’
465 1776 800 1830 geometricorum
823 1779 891 1831 qui
913 1787 952 1820 δε
976 1794 1119 1833 genere
1133 1813 1144 1828 ,
1163 1788 1203 1821 &3
1220 1781 1366 1835 specie,
1391 1789 1431 1823 δε
1447 1795 1612 1820 numero
1629 1782 1685 1821 in⁴

465 1833 570 1872 finiti
594 1834 680 1872 sunt
701 1867 713 1884 ,
741 1833 805 1873 scd
827 1835 948 1874 etiam
966 1836 1006 1874 in
1037 1836 1155 1874 unico
1184 1851 1232 1875 ex
1252 1838 1393 1877 talibus
1420 1838 1516 1877 locis
1542 1838 1687 1877 dantur

466 1890 699 1944 plerumque
721 1889 921 1930 innumeri
943 1893 1039 1930 tales
1059 1891 1167 1931 modi
1181 1926 1190 1942 ,
1209 1908 1255 1932 ex
1271 1909 1439 1948 quotum
1458 1895 1615 1948 singulis
1629 1895 1686 1934 in-

466 1961 638 1986 numerae
652 1947 890 2000 aequationes
910 1947 1052 1987 deduci
1069 1948 1242 2002 possuut3
1257 1949 1445 2005 siquidem
1463 1964 1524 1990 tot
1540 1951 1686 1990 dabun-

470 2015 530 2041 tur
551 2002 662 2043 modi
683 2004 935 2050 particulares
948 2037 958 2054 ‚
981 2018 1079 2059 quot
1097 2005 1292 2046 dabuntur
1310 2007 1469 2047 diversae
1487 2008 1565 2046 loci
1579 2006 1685 2046 illius

467 2060 726 2113 proprietates
749 2060 934 2117 specificae
953 2080 960 2104 ;
983 2061 1087 2105 unde
1106 2077 1290 2107 numerus
1311 2065 1450 2108 talium
1470 2062 1691 2106 modorum
