1915 2663
572 133 649 175 Dn
698 130 1063 175 Tn'dcnom‘nt
1347 132 1433 184 381*

557 223 842 274 Corollarium
868 231 1061 294 primum.

301 319 340 361 O
356 331 416 361 τε
433 332 448 359 s
469 332 494 358 τ
548 317 661 359 fimili
698 333 936 374 argumento
970 312 1233 359 demonstrari
1266 317 1434 373 spatium

300 375 562 417 ARYHIFA
577 409 588 426 ,
613 376 723 430 quod
742 377 763 416 a
783 376 950 416 dimidia
977 376 1190 416 trochoide
1213 377 1337 416 ARH
1351 409 1362 426 ,
1376 375 1434 415 di-

202 432 327 474 midia
354 431 679 474 circumferentia
701 435 797 473 HIF
813 467 823 484 ‚
848 442 888 476 δε
915 432 1081 473 dimidia
1107 433 1183 473 basi
1206 434 1275 472 FA
1301 433 1434 473 conti-

202 503 344 541 netur,
367 492 515 544 aequale
538 488 614 529 ess'e
637 490 760 544 spatio
785 492 983 531 AVHFA
998 523 1008 540 ,
1022 489 1131 544 quod
1148 489 1168 529 a
1187 489 1353 530 dimidia
1370 505 1436 530 co-

203 546 302 588 mite
320 549 446 588 AVH
458 581 468 598 ‚
493 547 689 587 diametro
705 548 777 586 HF
793 580 802 597 ,
818 554 858 589 &
882 546 1049 586 dimidia
1067 546 1144 585 bafi
1158 547 1229 586 FA
1251 561 1435 600 compre-

204 603 408 644 henditur.
453 605 564 659 Quia
593 604 743 644 scilicet
770 603 852 657 ipsa
875 602 954 643 duo
974 603 1096 658 spatia
1119 604 1206 643 sunt
1230 603 1274 643 in
1297 602 1437 644 iisdem

203 662 405 716 parallelis
430 663 520 712 AF,
539 663 621 701 CH
649 679 656 700 :
686 668 726 702 &
750 658 866 699 duffii
890 662 1125 714 quacunque
1144 660 1290 700 eisdem
1311 662 1437 700 inter-

207 719 341 759 media
364 720 547 773 paralleli
559 719 643 757 YD
657 749 668 766 ,
688 716 883 756 ostensum
904 717 956 756 est
976 716 1144 756 secunda
1163 718 1438 771 Propofitione

208 776 440 829 portionem
466 777 549 815 YX
569 773 694 828 priori
710 772 834 827 spatio
854 773 1139 828 interceptam,
1155 776 1346 827 aequalem
1364 772 1440 812 esse

209 831 391 885 portioni
415 834 489 872 6D
510 833 637 871 altero
655 830 781 884 spatio
806 830 1148 884 comprehensam.
1183 830 1310 884 Quod
1333 829 1442 870 idem

212 888 534 943 quiaxparallelis
569 888 753 928 omnibus
775 887 1004 941 interceptis
1036 887 1206 938 accidit,
1229 900 1337 942 patet
1360 887 1441 941 ipsa

208 945 340 1000 spatia
361 944 437 986 effe
462 946 642 1000 aequalia.
936 966 949 982 μ

560 1050 842 1102 corollarium
864 1050 1108 1121 secundum.

348 1178 380 1218 E
395 1192 417 1217 c
460 1177 633 1218 dissimili
657 1190 892 1232 argumento
913 1177 1143 1232 probabitur
1162 1172 1330 1233 spatium
1350 1178 1449 1221 AR-

351 1237 392 1274 H
408 1235 444 1274 C
459 1238 495 1274 A
511 1268 521 1285 ,
542 1234 651 1290 quod
678 1234 699 1273 ἒι
722 1234 891 1274 dimidia
922 1234 1135 1274 trochoide
1158 1239 1195 1274 A
1210 1238 1244 1275 R
1258 1237 1298 1275 H
1316 1269 1326 1286 ‚
1349 1238 1452 1276 reeta

215 1294 303 1333 HC
318 1325 328 1343 ‚
354 1299 395 1334 &
416 1293 520 1332 reeta
551 1294 629 1332 CA
654 1291 884 1331 continetur
900 1323 909 1340 ,
933 1293 1082 1345 aequale
1103 1290 1179 1331 effe
1203 1292 1328 1346 spatio
1351 1296 1455 1333 AV-

219 1349 379 1399 HIFA,
416 1348 523 1403 quod
545 1348 566 1388 {2
588 1347 758 1388 dimidia
787 1347 936 1387 comite
963 1350 1114 1398 AVH,
1141 1348 1455 1390 semicircumfe-

215 1406 348 1446 tentia
369 1406 465 1445 HIF
488 1413 526 1448 δι
546 1404 714 1445 dimidia
733 1404 811 1444 bafi
828 1406 896 1444 FA
920 1404 1297 1459 comprehendimr3
1323 1422 1458 1460 quam-

222 1463 282 1503 vis
304 1463 347 1503 in
369 1463 456 1502 rota
477 1463 680 1502 contraisti».
707 1461 840 1516 portio
865 1461 1046 1515 quaedatn
1066 1461 1184 1516 primi
1207 1464 1352 1502 horum
1371 1464 1456 1518 spa-

224 1519 373 1560 tiorum
397 1519 442 1559 fit
473 1519 574 1559 ultra
598 1521 745 1559 restam
774 1519 850 1558 AC
878 1517 987 1557 extra
1007 1520 1280 1572 restangulum
1300 1521 1390 1564 FC;
1416 1528 1457 1562 &c

223 1577 357 1631 portio
386 1576 567 1630 quaedam
597 1574 758 1615 secundi
787 1574 901 1629 spatii
926 1574 1180 1614 contineatur
1209 1576 1315 1616 intra
1336 1576 1457 1617 semi-

222 1634 420 1673 circulum
438 1634 534 1672 FlH
550 1652 558 1677 ς
573 1632 703 1672 nihilo
717 1631 826 1671 enim
841 1631 969 1671 minus
987 1629 1055 1670 fiet
1066 1631 1350 1672 demonstratio
1365 1634 1458 1674 uni-

225 1690 385 1731 versalis
399 1723 410 1740 ‚
431 1689 497 1729 sed
518 1702 680 1744 propter
702 1688 996 1728 distinctionem
1017 1703 1195 1729 rotarum
1217 1690 1349 1730 multis
1367 1706 1458 1731 ver-

224 1745 284 1787 bis
312 1762 409 1802 opus
432 1747 519 1787 erit.
557 1750 614 1786 At
635 1745 778 1785 veritas
804 1746 916 1796 hujus
941 1746 1219 1800 propositionis
1247 1747 1373 1788 multo
1402 1746 1458 1788 faa

226 1804 343 1844 cilius
371 1819 418 1843 ex
445 1803 747 1858 precedentibus
772 1802 928 1843 elicitur
953 1803 995 1843 in
1016 1804 1103 1843 rota
1123 1803 1342 1858 simplici&
1363 1820 1458 1859 pro-

228 1860 320 1901 lata.
370 1861 481 1901 Nam
502 1861 596 1916 quia
619 1861 759 1914 quarta
782 1859 1057 1914 Propofitione
1085 1861 1281 1900 ostensum
1304 1861 1357 1901 est
1373 1862 1458 1917 spa&

230 1916 334 1958 tium
356 1919 562 1961 AVHCA
583 1918 730 1972 aequale
753 1916 828 1957 effe
850 1916 974 1970 spatio
999 1918 1216 1962 AVHFA;
1244 1918 1340 1958 item
1359 1920 1458 1960 Pro-

231 1973 428 2028 pofitione
458 1978 563 2017 sexta
583 1975 751 2029 spatium
777 1975 984 2015 ARHVA
1006 1974 1201 2014 ostensum
1227 1975 1280 2014 est
1309 1978 1457 2029 aequale

233 2029 483 2073 semicirculo
502 2035 529 2072 F
545 2036 562 2073 I
576 2034 619 2071 H
639 2050 647 2070 ε
677 2031 847 2086 demptis
870 2032 1082 2085 :equalibus
1111 2031 1158 2071 ab
1183 2033 1393 2085 aequalibus
1415 2033 1465 2075 in·

232 2087 324 2130 rota
342 2087 509 2145 simplici
533 2097 574 2133 δε
595 2090 821 2140 contracta,
840 2088 990 2143 patebit
1008 2087 1243 2143 Propolitio.

1154 2144 1313 2198 Bbbiij
