1915 2663
303 131 378 171 DE
411 130 814 171 Rasomrmm
848 117 1272 180 AEqmrmwun.
1333 145 1406 179 199

187 199 266 250 '273
288 229 299 247 ‚
323 196 388 235 seu
417 209 464 233 ex
492 192 658 233 dimidia
683 193 831 231 summa
854 205 1121 232 extremorum
1136 226 1146 243 ‚
1165 193 1297 235 demas
1314 209 1407 236 ean*

187 253 284 292 dem
302 248 665 291 semidifferentiam
687 261 955 288 extremorum
983 265 1173 301 294—-y
1186 260 1237 304 76
1243 268 1320 303 050
1337 285 1346 302 ,
1369 252 1411 291 fir.

188 309 322 348 minor
348 316 614 347 extremorum
641 304 913 359 quaefitorum,
940 320 1082 360 nempe
1113 307 1194 346 haec
1224 321 1411 362 apotome

189 381 221 414 γ
237 370 572 417 328050—-567,
607 363 700 401 Hoc
723 363 835 416 pacto
851 395 861 412 ‚
885 361 987 402 datis
1006 362 1190 402 extremis
1203 397 1213 413 ,
1233 379 1409 419 quaeren-

188 421 233 460 di
254 421 340 460 sunt
370 419 449 459 duo
480 418 602 459 medii
623 418 941 474 proportionales
958 452 969 469 ‚
991 431 1034 458 ut
1058 419 1248 460 habeatur
1274 435 1412 462 corum

187 475 418 517 differentia
444 491 529 530 quae
549 475 659 515 dabit
679 489 888 515 numerum
903 477 940 514 A
959 474 1172 528 quaefitum.

247 535 304 572 At
327 533 370 572 in
396 546 566 587 quatuor
592 531 764 571 numeris
797 529 987 571 continue
1009 531 1372 586 proportionalibus
1400 568 1411 585 ,

190 590 269 630 hoc
294 589 515 630 universale
538 590 744 628 theorema
767 587 845 627 est:
870 586 1084 628 Productus
1106 603 1153 627 ex
1177 589 1317 640 majori
1343 604 1412 629 ex-

190 658 319 686 tremo
341 646 391 686 in·
405 644 640 700 quadratum
659 644 822 683 minoris
848 644 1015 684 extremi
1037 645 1090 684 est
1106 645 1224 685 cubus
1248 646 1412 687 minoris

191 702 325 742 medii.
358 704 459 742 Item
477 735 488 752 ,
505 700 713 755 productus
742 715 790 739 ex
810 700 957 740 minori
980 713 1157 741 extremo
1175 702 1217 741 in
1242 702 1413 756 quadra-

191 772 277 800 tum
289 759 445 809 majoris
469 756 635 797 extremi
657 756 710 796 est
733 757 852 796 cubus
880 758 1039 808 majoris
1057 757 1193 799 medii.
1228 759 1318 798 Hac
1341 759 1413 813 igi-

189 828 253 863 tur
283 816 420 868 regula
444 828 491 853 ex
509 812 608 853 datis
635 813 840 864 extremis,
862 814 1004 864 majori
1025 814 1188 868 quidem
1212 828 1409 867 7450—4-

191 886 238 911 21
260 903 271 920 ,
287 870 434 910 minori
455 883 586 910 autem
617 886 642 916 y
658 886 673 923 3
687 875 815 923 28050
907 880 982 923 567
996 904 1006 921 ‚
1019 870 1216 911 dabuntur
1243 872 1322 911 duo
1343 886 1414 911 cu-

188 926 230 966 bi
252 926 486 967 mediorum.
519 928 628 967 Nam
652 927 889 981 quadratum
910 927 1068 978 majoris
1091 928 1259 968 extremi
1282 929 1335 967 est
1351 928 1412 967 bi-

190 984 374 1023 nomium
400 989 447 1032 89
461 998 474 1024 1
494 996 560 1027 —-{—
576 988 796 1036 2793800:
820 984 898 1022 hoc
924 983 1234 1038 multiplicatum
1254 999 1322 1039 per
1337 984 1415 1024 mi-

190 1054 332 1080 norem
347 1053 567 1079 extremum
588 1039 656 1079 dat
678 1040 756 1079 hoc
780 1039 888 1079 aliud
914 1040 1135 1080 binomium
1159 1050 1412 1095 y26572050

193 1107 374 1149 -4-5103
393 1130 402 1146 ‚
417 1105 456 1138 δε
470 1096 537 1136 hic
550 1097 604 1135 est
625 1097 744 1135 cubus
765 1096 923 1145 majoris
949 1096 1083 1136 medii.
1118 1098 1248 1137 Simili
1268 1095 1412 1148 modo,

191 1152 428 1206 quadratum
465 1152 631 1192 minoris
658 1152 825 1190 extremi
852 1152 906 1190 est
931 1152 1014 1191 haec
1037 1166 1224 1207 apotome
1253 1163 1330 1205 649
1340 1170 1381 1207 53
1390 1170 1412 1202 9

189 1231 271 1242 .--
283 1224 308 1256 y
324 1225 398 1261 421
409 1215 429 1251 8
440 1213 542 1260 5786
553 1224 568 1261 5
579 1213 675 1253 8005
700 1207 778 1247 hoc
791 1208 1109 1263 multiplicatum
1132 1225 1200 1263 per
1223 1212 1414 1261 majorem

189 1278 413 1306 extremum
448 1263 516 1304 dat
547 1265 651 1304 hanc
680 1264 799 1304 aliam
829 1278 1043 1319 apotomen
1074 1280 1098 1308 ’γ
1116 1282 1415 1320 19371024450

192 1327 408 1376 -13778
421 1338 435 1363 1
453 1355 464 1372 ,
479 1329 519 1364 δε
533 1321 599 1360 hic
617 1321 671 1360 est
682 1321 801 1361 cubus
815 1322 979 1361 minoris
997 1322 1132 1363 medii.

250 1379 427 1419 Inventis
453 1393 548 1432 ergo
572 1377 723 1417 duobus
749 1378 857 1418 cubis
881 1393 1139 1419 numerorum
1163 1378 1389 1419 mediorum
1405 1413 1416 1430 2

193 1433 360 1489 superest
387 1448 431 1475 ur
460 1435 650 1475 cuborum
670 1435 845 1489 ipsorum
867 1434 1019 1476 radices
1045 1436 1317 1476 extrahantur.
1365 1439 1420 1476 At

193 1491 292 1531 vero
307 1523 317 1538 ‚
340 1492 480 1533 talium
513 1492 706 1531 cuborum
728 1494 850 1543 alter>
876 1507 1018 1547 nempe
1046 1493 1170 1544 major
1194 1527 1204 1543 ‚
1231 1493 1284 1531 est
1310 1493 1423 1532 bino*

197 1546 342 1588 mium:
358 1550 455 1589 alter
472 1562 604 1588 autem
616 1582 626 1598 ,
650 1549 714 1588 seu
732 1549 863 1589 minor
876 1583 886 1599 ‚
902 1550 955 1587 est
967 1562 1153 1602 apotome
1170 1569 1178 1592 ς
1193 1549 1421 1603 quicunque

197 1617 294 1658 ergo
316 1619 441 1645 artem
462 1605 644 1644 calluerit
664 1606 741 1659 qua
760 1621 807 1645 ex
832 1605 1018 1645 binomiis
1038 1613 1078 1647 Sc
1099 1605 1295 1659 apotomis
1310 1604 1422 1645 cubi-

197 1675 253 1699 cae
275 1660 424 1701 radices
447 1661 705 1700 extrahuntur
725 1694 735 1710 ,
749 1662 778 1701 is
794 1662 1047 1716 quaestionem
1061 1695 1071 1712 ‚
1086 1661 1111 1700 fi
1124 1677 1206 1701 non
1218 1653 1439 1715 simplicis?

197 1716 294 1757 fimo
316 1717 436 1757 modo
460 1752 470 1768 ‚
499 1732 538 1757 at
559 1716 665 1757 certe
689 1717 870 1758 accurate
891 1719 1059 1758 omnino
1081 1717 1264 1762 solverit3
1302 1718 1421 1772 fiqui-

195 1770 290 1813 dem
308 1789 443 1813 earum
469 1774 647 1814 radicum
673 1773 900 1813 differentia
921 1775 996 1814 erit
1022 1789 1204 1814 numerus
1229 1776 1264 1813 A
1285 1775 1421 1828 quaefi-

198 1841 260 1868 tus
271 1863 283 1879 ‚
300 1846 372 1870 nec
386 1831 465 1870 alio
480 1831 620 1886 quovis
635 1830 756 1870 modo
770 1865 780 1880 ‚
794 1846 1035 1886 quamquam
1055 1830 1283 1886 fimpliciori
1296 1864 1305 1881 ,
1323 1832 1420 1870 alius

198 1886 423 1927 invenietur
441 1902 637 1928 numerus.
665 1887 792 1936 Quod
813 1888 839 1926 fi
861 1889 1077 1943 reperiatur
1103 1888 1244 1942 aliquis
1272 1888 1340 1941 qui
1360 1901 1421 1928 tao

201 1943 280 1982 lem
303 1957 427 1984 artem
446 1944 693 1998 ignoraverit
706 1979 716 1996 ‚
736 1945 766 1984 is
789 1945 991 1999 postquam
1014 1946 1133 1986 cubos
1147 1944 1350 2000 praedictos
1364 1945 1422 1984 in-

200 2001 356 2039 venerit
369 2035 379 2051 ‚
394 2001 448 2040 ibi
461 2001 627 2041 subfister
641 2034 651 2050 ,
670 2017 714 2041 ac
732 2001 839 2041 dicet
855 2018 1062 2043 numerum
1076 2002 1275 2057 quaefitum
1291 2004 1327 2040 A
1346 1999 1422 2040 effe

203 2053 470 2100 differentiam
507 2057 685 2102 radicum
722 2059 950 2102 cubicarum
988 2061 1128 2102 talium
1165 2071 1421 2099 numerorum.
