1915 2663
528 141 606 182 Dr:
656 139 1021 184 Taocnffixnn:
1309 150 1393 200 '413'

165 210 350 266 praedicta
369 207 428 249 bis
457 205 607 260 sumpta
629 204 678 244 ad
700 205 972 258 rctstangulum
985 206 1044 245 AI
1062 203 1179 245 toties
1192 203 1249 245 bis
1263 204 1393 262 sump-

166 280 276 312 tum;
305 267 390 317 scu,
414 264 573 316 sumptis
603 275 759 301 tantum
786 261 903 301 semel
925 261 1093 302 trilineis
1118 277 1163 302 ac
1189 263 1306 302 semel
1332 279 1394 304 re-

165 324 360 379 &angulis
373 356 384 374 ‚
405 320 480 360 erit
495 318 664 359 solidum
684 319 795 359 sociat
817 319 1039 359 trochoidis
1063 319 1113 359 ad
1136 319 1246 360 suum
1275 322 1396 375 cylin-

166 380 304 431 drum,
330 393 374 419 ut
395 377 530 417 omnia
553 376 712 416 trilinea
731 376 847 416 semel
875 375 1101 432 sumpta-ad
1121 378 1395 433 rectangulum

167 441 226 479 AI
247 437 364 477 toties
387 434 594 489 sumptum.
628 434 695 474 Est
719 447 851 474 autem
872 434 1118 488 triangulum
1140 436 1182 474 H
1200 452 1248 475 20
1264 453 1314 476 22.
1338 435 1397 476 di-

167 493 337 536 midium
354 492 539 548 quadrati
555 489 984 532 scmicircumferentiae
1004 493 1047 531 H
1064 509 1112 532 22
1124 524 1136 542 ,
1149 499 1189 534 <Sc
1202 491 1395 534 bilineum

168 552 289 607 HQ
311 569 360 593 22
382 549 437 589 est
452 548 664 589 dimidium
690 548 871 603 quadrati
892 548 1078 590 diametri
1101 549 1188 600 CF,
1212 549 1396 603 quando-

167 608 333 663 quidem
364 607 477 658 hujus
511 606 647 647 bilinei
669 605 836 645 dimidia
862 621 947 660 pars
969 641 980 658 ‚
1015 620 1157 660 nempe
1192 607 1395 649 trilincum

169 666 213 706 H
227 667 362 722 QFI,
386 664 462 704 five
492 663 563 718 ipfi
591 664 740 717 aequale
761 665 798 701 A
812 665 859 702 M
874 665 916 702 H
931 666 967 704 G
988 664 1182 704 ostensum
1209 664 1262 703 est
1286 663 1398 719 supi-{2

169 725 317 777 aequale
338 720 414 761 effe
435 719 628 776 quadrato
650 718 933 759 semidiametri
952 723 1032 761 AG
1053 722 1116 761 vel
1137 722 1193 760 CI
1209 741 1217 765 ς
1234 720 1398 776 dempto

168 793 302 819 autem
319 779 398 818 hoc
423 779 572 818 bilineo
592 791 640 816 ex
662 776 739 816 illo·
756 776 958 832 triangulo
971 811 982 828 ,
1000 790 1178 817 remanet
1190 777 1395 819 trilineum

168 837 246 876 HF
265 853 312 876 22
330 852 391 875 20.
421 834 481 874 Εὸ
494 834 630 888 itaque
640 848 698 874 res
710 833 920 874 deducitur
933 848 975 874 ut
988 833 1236 874 ostendamus
1259 835 1396 875 omnia

165 893 329 932 trilinea
350 891 533 946 praedicta
555 890 605 930 ad
623 892 898 944 rectangulum
920 893 979 930 AI
1001 891 1118 930 toties
1139 890 1334 944 sumptum
1348 892 1397 931 fic

169 949 208 989 se
230 950 377 989 habere
401 962 444 988 ut
463 949 667 988 trilineum
696 949 770 986 HF
802 965 852 988 22
880 964 928 988 20
957 947 1007 986 ad
1032 946 1270 1001 quadratum
1292 948 1397 988 inte-

169 1020 287 1061 grum
308 1008 351 1045 H
364 1022 412 1047 20
428 1026 435 1050 ;
460 1005 508 1045 fic
532 1005 639 1045 enim
658 1003 819 1044 demum
841 1004 991 1059 patebit
1008 1003 1178 1044 solidum
1192 1004 1306 1045 sociae
1320 1018 1399 1046 tro-

169 1063 328 1102 choidis
350 1061 426 1102 effe
447 1061 497 1101 ad
518 1062 627 1101 suum
650 1061 896 1116 cylindrum,
914 1074 958 1101 ut
980 1059 1193 1101 dimidium
1217 1061 1400 1116 quadrati

169 1117 603 1159 semicircumferentiae
624 1118 786 1173 dempto
808 1118 979 1158 dimidio
993 1117 1176 1172 quadrati
1189 1118 1398 1173 diametri,

167 1175 221 1216 ad
242 1176 481 1231 quadratum
504 1175 947 1216 semicircumferentiae.

229 1234 299 1274 Ad
324 1234 404 1273 hoc
424 1246 557 1273 autem
577 1231 788 1274 assumatur
809 1233 1018 1288 quodlibet
1036 1249 1084 1274 ex
1101 1234 1188 1288 ipsis
1209 1234 1400 1285 trilineis‚

168 1302 265 1346 puta
289 1293 327 1331 A
348 1308 395 1339 29
415 1307 429 1331 1
445 1307 458 1331 1
478 1324 489 1342 ,
523 1290 717 1330 assumens
738 1306 786 1331 ex
813 1292 918 1330 roffi
936 1292 1013 1330 AC
1037 1292 1264 1345 portionem
1288 1295 1324 1332 A
1352 1308 1399 1342 29

170 1345 305 1387 forsan
326 1347 547 1403 quadrante
567 1348 789 1398 minorem,
815 1347 880 1386 cui
907 1362 953 1386 ex
976 1349 1080 1386 recta
1099 1349 1141 1387 H
1155 1365 1205 1388 22
1233 1349 1405 1389 sumatur

170 1405 329 1459 aequalis
349 1405 482 1460 portio
508 1406 597 1445 HX
610 1425 618 1449 3
642 1404 889 1459 ducaturque
909 1405 1015 1443 reeta
1028 1406 1180 1460 XQ30
1202 1405 1334 1446 secans
1351 1407 1408 1446 so-

174 1461 279 1501 ciam
298 1461 520 1508 trochoidis
547 1462 589 1502 in
613 1463 758 1516 punCm
787 1464 858 1516 Q,
882 1461 1029 1500 rectam
1061 1474 1194 1501 antem
1222 1463 1265 1501 H
1294 1479 1342 1502 20
1367 1463 1410 1502 in

172 1521 319 1571 puncto
354 1535 414 1571 30.
464 1521 604 1573 Itaque
633 1532 680 1557 ex
708 1519 848 1557 natura
869 1515 1093 1556 trochoidis
1118 1517 1275 1571 ejusque
1297 1520 1409 1558 sociae

173 1576 215 1615 A
236 1592 284 1624 29
309 1584 348 1617 δε
370 1577 457 1615 ΗΧ
484 1575 730 1616 exhibebunt
757 1589 868 1615 arcus
891 1575 1061 1627 aequales
1083 1591 1090 1612 :
1115 1581 1156 1615 δε
1178 1573 1289 1614 arcus
1315 1575 1406 1629 qui-

172 1630 266 1672 dem
293 1634 329 1672 A
346 1649 395 1680 29
417 1632 515 1672 finus
535 1633 665 1673 versus
683 1632 758 1671 erit
783 1648 829 1680 29
860 1647 874 1672 1
889 1646 903 1672 1
922 1664 933 1681 ‚
956 1630 1067 1670 arcfis
1091 1643 1223 1670 autem
1243 1632 1331 1670 HX
1359 1631 1406 1671 fi-

174 1702 247 1728 nus
273 1691 398 1729 recstus
418 1689 494 1729 erit
515 1691 625 1744 XQ:
654 1687 826 1743 cumque
847 1689 951 1727 recta
972 1690 1015 1727 X
1029 1704 1077 1740 30
1098 1687 1256 1741 aequalis
1279 1687 1324 1727 fit
1342 1704 1406 1728 ar-

175 1745 241 1784 cui
266 1747 379 1796 HX,
400 1747 475 1785 erit
494 1748 600 1786 recta
619 1748 730 1800 (230
753 1743 980 1786 differentia
995 1744 1099 1784 inter
1114 1744 1238 1785 finum
1257 1747 1408 1789 recium

181 1803 332 1856 XQ&
356 1803 465 1844 suum
484 1818 619 1843 arcum
637 1805 678 1842 X
697 1818 757 1855 30.
812 1800 935 1843 Unde¹
948 1817 995 1841 ex
1014 1802 1245 1842 Corollario
1271 1802 1408 1857 primae

179 1858 464 1911 Propofitionis
489 1859 602 1911 hujus
624 1858 870 1914 Appendicis
886 1894 896 1910 ‚
918 1872 1034 1899 erunt
1049 1873 1187 1899 omnes
1201 1859 1301 1901 finus
1320 1875 1405 1901 ver-

180 1913 216 1953 si·
230 1913 340 1954 arcs-ts
362 1917 449 1955 HX
470 1916 546 1957 five
564 1920 601 1958 A
617 1933 666 1965 29
686 1916 736 1957 ad
754 1916 910 1957 radium
933 1916 1050 1957 toties
1072 1917 1268 1972 sumptum
1281 1952 1291 1969 ,
1306 1930 1405 1971 quot

177 1971 268 2010 sunt
288 1970 497 2012 divifiones
509 1974 552 2013 in
571 1973 991 2014 semicircumferentia
1003 1975 1080 2014 AC
1093 2008 1103 2025 ‚
1117 1974 1193 2015 five
1209 1976 1253 2014 H
1272 1991 1322 2017 22
1333 1985 1404 2021 ‚ut

179 2028 261 2082 ipsa
274 2028 500 2069 differentia
513 2032 619 2084 Q30
633 2030 683 2071 ad
701 2029 1165 2072 semicircumferentiam
1180 2033 1225 2070 H
1244 2049 1308 2080 22,
1326 2030 1403 2070 srve

183 2102 246 2127 22:
259 2102 308 2131 20
323 2106 330 2128 :
343 2086 457 2141 atqui
470 2101 606 2130 omnes
618 2087 717 2130 finus
728 2090 825 2130 verfi
836 2088 945 2132 arcus
956 2091 995 2131 A
1012 2105 1061 2140 29
1074 2087 1406 2183 cotgsf'tituunttri-
1419 2112 1422 2114 v

1091 2146 1119 2183 F
1194 2145 1240 2200 iij
