1915 2663
535 153 617 195 'DE
669 152 1038 196 Tnocu'omfij
1320 161 1398 213 401

174 216 264 253 >heis
288 216 412 256 tertiae
434 215 636 257 divisionis
660 218 700 256 in
717 233 765 257 eo
783 219 981 258 contentis
997 218 1144 272 fingula
1167 219 1320 273 fingulis
1335 237 1402 261 or-

171 268 274 309 *dine
301 273 482 327 sumptis,
513 273 678 326 aequalia
712 275 797 314 sunt
823 294 831 315 :
859 273 968 329 quod
988 272 1038 313 dc
1068 276 1128 315 his
1152 275 1401 327 ostendetur,

179 324 228 365 de
251 328 326 367 illis
353 343 512 382 quoque
532 344 671 369 verum
693 331 778 371 crit.

236 385 417 423 Sumatur
440 399 537 440 ergo
567 387 639 440 QF
659 392 703 427 18
726 387 928 427 trilincum
952 387 1121 441 quodvis
1145 387 1270 427 tertiae
1293 388 1400 429 divi-

178 437 292 478 fionis
317 438 508 481 assumens
527 456 575 480 ex
598 444 702 483 reela
724 445 751 482 F
771 460 812 497 15
831 477 842 494 ‚
866 446 1012 484 restam
1031 445 1058 483 F
1081 448 1125 484 18
1142 458 1400 499 quotcunque

176 495 349 547 partium
371 498 580 551 aequalium
601 514 648 538 ex
671 500 718 539 iis
739 500 781 539 in
809 515 904 555 quas
927 500 1060 539 divisae
1076 500 1162 538 sunt
1176 502 1288 540 reihe
1298 503 1372 543 CA
1389 535 1399 551 ,

172 551 248 589 FD
268 565 374 596 3tum
392 556 503 594 recht:
518 555 545 593 F
564 571 578 596 1
590 560 609 596 8
625 555 795 596 sumatur
811 557 968 611 aequalis
981 571 1028 596 ex
1043 557 1128 596 HG
1143 558 1247 596 rech
1264 559 1308 596 H
1326 573 1371 598 10
1386 590 1398 604 ,

175 605 422 664 ducaturque
446 613 549 651 retra
579 627 625 652 10
652 628 694 652 11
728 627 798 662 12,
822 627 866 652 ut
886 612 1008 667 supra.
1053 613 1117 652 Est
1135 612 1258 667 igitur
1285 614 1311 652 F
1329 619 1397 664 18,

174 663 252 704 five
274 666 317 704 H
337 682 382 706 10
397 700 407 717 ,
434 667 509 707 five
536 684 582 709 10
615 684 662 708 12.
690 669 848 722 aequalis
870 669 1027 709 cuidam
1048 669 1157 709 arcui
1175 669 1282 720 cujus
1299 669 1399 709 finus

175 721 304 761 versus
328 724 381 762 est
408 729 452 764 18
467 727 530 780 Q
556 724 653 763 smus
677 738 809 764 autem
831 727 955 765 reilus
977 726 1031 765 est
1053 741 1098 766 10
1120 741 1133 766 1
1149 741 1163 766 1
1180 759 1190 775 ‚
1212 740 1260 765 ex
1282 740 1400 765 natu-

172 779 216 817 15.
236 778 348 818 sociae
368 780 607 824 trochoidis;
632 795 752 834 quare
775 783 881 832 refta
910 797 923 822 1
938 798 952 822 1
977 798 990 822 1
1003 799 1024 822 2
1037 782 1090 820 est
1101 780 1328 821 differentia
1340 783 1398 822 in-

171 844 233 872 ter
252 849 388 875 arcum
401 844 442 878 δε
459 836 632 887 ejusdem
652 836 763 878 arcus
782 838 906 878 finum
926 840 1074 878 reikam
1098 857 1105 878 :
1133 845 1174 879 δε
1192 838 1398 879 trilineum

165 888 334 943 quidem
358 894 430 947 QF
450 898 495 934 18
519 892 568 933 ad
592 896 1010 949 parallelogrammum
1032 896 1102 933 FX
1122 894 1171 933 fic
1192 895 1227 933 se
1250 895 1370 934 habet
1385 929 1394 945 ‚

164 959 214 985 .ut
232 961 368 988 omnes
388 949 485 989 finus
518 950 615 990 verfi
637 951 819 990 omnium
846 966 1007 991 arcuum
1030 950 1239 1004 aequalium
1262 952 1397 991 mino-

168 1016 258 1042 rum
280 1005 404 1044 tertiae
428 1004 631 1049 divisionis
652 1007 694 1046 in
717 1009 851 1047 arch
873 1013 917 1049 18
940 1020 1246 1058 contentorum,
1267 1008 1318 1049 ad
1332 1023 1397 1048 ra-

163 1057 281 1100 dium
304 1062 352 1100 IF
375 1062 492 1102 toties
515 1063 710 1118 sumptum
728 1097 738 1115 ,
760 1078 859 1119 quot
884 1065 926 1104 in
949 1079 1043 1104 arcu
1064 1064 1091 1102 F
1107 1069 1156 1105 18
1181 1065 1395 1105 continen-

166 1126 233 1155 tur
256 1132 366 1157 arcus
390 1119 563 1159 minores
584 1120 755 1171 ejusdem
776 1122 900 1160 tertiae
924 1120 1149 1170 divifionis,
1175 1135 1222 1160 ex
1247 1121 1395 1161 doetri-

168 1172 221 1211 na
245 1172 557 1217 indivisibilium.
611 1181 668 1217 Ut
696 1191 828 1218 autem
851 1193 988 1218 omnes
1012 1177 1072 1216 illi
1099 1177 1197 1218 finus
1222 1178 1321 1218 v‘erfi
1344 1178 1394 1218 ad

170 1242 309 1270 omnes
330 1231 418 1270 illos
441 1231 571 1272 radios
584 1266 595 1282 ,
608 1233 663 1272 ita
675 1236 779 1273 reela
799 1251 813 1275 1
828 1251 842 1275 1
865 1251 878 1276 1
892 1252 913 1275 2
926 1232 1153 1274 differentia
1171 1249 1280 1274 arcus
1299 1236 1325 1273 F
1346 1240 1392 1276 18

163 1291 211 1327 δε
234 1287 289 1326 sui
312 1287 410 1327 finus
430 1289 526 1328 resti
547 1323 559 1340 ,
584 1289 634 1330 ad
653 1305 788 1330 arcum
807 1292 834 1330 F
854 1296 899 1332 18
914 1324 924 1341 ‚
951 1306 999 1330 ex
1020 1291 1251 1330 Corollario
1276 1291 1394 1345 septi-

164 1355 235 1382 mo
269 1344 553 1399 Propofitionis
582 1346 782 1401 praemiffae
816 1366 824 1387 ε
859 1348 953 1401 quia
989 1349 1095 1387 renita
1131 1348 1157 1385 F
1186 1352 1232 1388 18
1271 1346 1394 1387 refert

166 1413 327 1450 arcum,
357 1402 463 1451 cujus
487 1402 586 1442 finus
609 1406 734 1444 roilus
755 1404 808 1443 est
837 1419 882 1444 10
908 1420 922 1445 1
937 1421 951 1445 1
968 1438 978 1454 ‚
1011 1411 1051 1446 &t
1075 1401 1303 1443 differentia
1330 1405 1391 1445 in-

161 1467 226 1495 ter
261 1457 368 1497 hunc
403 1458 526 1499 finum
559 1467 600 1502 δε
636 1460 762 1514 ipsum
795 1476 928 1500 arcum
955 1462 982 1500 F
1009 1465 1054 1501 18
1077 1492 1088 1506 ‚
1121 1459 1196 1500 five
1233 1476 1279 1500 10
1311 1477 1357 1501 12
1381 1495 1391 1510 ‚

162 1512 221 1551 est
248 1528 263 1553 1
277 1530 292 1554 1
319 1530 383 1559 125
410 1527 528 1569 atque
545 1516 700 1571 insuper
722 1519 817 1556 alter
838 1517 988 1555 finuum
1006 1516 1053 1554 ab
1077 1516 1392 1556 extremitatibus

165 1567 277 1609 arcus
302 1570 330 1609 F
348 1575 392 1612 1=8
417 1571 643 1613 cadentium
664 1605 675 1620 ,
705 1586 798 1628 puta
822 1572 920 1612 finus
944 1574 993 1612 ΡΙ
1007 1570 1115 1611 cadit
1128 1571 1170 1610 in
1184 1585 1388 1612 centrum:

163 1640 288 1680 quare
311 1627 515 1668 trilineum
535 1631 606 1682 QF
625 1635 670 1670 18
700 1631 753 1669 est
777 1629 827 1669 ad
849 1630 1263 1684 parallelogrammum
1291 1630 1363 1668 FX
1379 1663 1389 1679 ‚

165 1696 209 1721 ut
228 1684 332 1724 resta
358 1699 373 1725 1
387 1700 401 1725 1
435 1701 481 1725 12
501 1684 550 1724 acl
571 1687 717 1725 reeram
739 1687 765 1724 F
785 1691 854 1730 18;
881 1685 946 1725 sed
976 1686 1391 1741 parallelogrammum

163 1739 239 1779 FX
250 1739 300 1778 ad
312 1743 726 1796 parallelogrammum
744 1743 818 1781 FH
837 1742 872 1782 se
897 1743 1024 1783 habet'
1038 1755 1081 1780 ut
1099 1743 1202 1781 recta
1228 1743 1254 1780 F
1274 1748 1318 1783 18
1342 1742 1392 1781 ad

162 1797 312 1837 restam
333 1798 360 1836 F
395 1814 439 1851 15
465 1817 473 1839 :
503 1813 624 1853 quare
647 1813 694 1838 ex
720 1814 853 1853 aequo,
877 1812 921 1838 ut
944 1800 1149 1839 trilineum
1170 1799 1242 1853 QF
1272 1804 1316 1840 18
1342 1798 1392 1838 ad

164 1854 582 1909 parallelogrammum
599 1856 673 1895 FH
688 1889 700 1906 ,
712 1855 767 1895 ita
788 1858 892 1896 roua
925 1872 940 1897 1
957 1871 969 1898 1
993 1872 1007 1898 1
1020 1873 1040 1896 1».
1058 1853 1107 1895 ad
1130 1855 1392 1912 quadrantem

160 1907 193 1947 F
211 1924 255 1961 15
277 1909 352 1950 five
371 1913 467 1953 GH.

224 1965 332 2006 Cum
352 1982 448 2022 ergo
471 1969 578 2009 idem
599 1969 648 2009 de
670 1971 830 2025 fingulis
850 1970 1016 2011 trilineis
1043 1968 1167 2009 tertiae
1188 1967 1390 2008 divifionis

165 2036 305 2065 verum
332 2023 398 2074 fit,
422 2025 531 2077 quod
552 2025 601 2064 de
624 2028 696 2082 Q
730 2033 774 2069 18
799 2028 878 2077 jam
900 2027 1209 2067 demonstratum
1235 2025 1309 2068 est3
1332 2024 1389 2062 se-

161 2079 301 2139 guitur
328 2080 465 2122 omnia
486 2081 555 2120 illa
579 2083 736 2123 trilinea
754 2083 864 2124 fimul
880 2083 1032 2139 sumpta
1044 2081 1093 2124 ad
1110 2082 1391 2137 parallogram-

207 2145 293 2193 lice,
304 2138 349 2181 dc
365 2139 513 2182 l'Acad.
526 2148 637 2181 Tame
648 2148 710 2181 VI.
1146 2139 1177 2177 E
1189 2151 1240 2177 ee
