1915 2663
223 222 295 264 pe,
320 211 344 250 fi
364 210 608 265 Intelligatur
630 163 980 265 praelum4317iquod
1005 210 1156 252 duobus
1173 212 1298 266 planis
1317 214 1447 267 paral·-

219 266 269 306 lis
296 267 466 321 perfeEle
490 266 628 320 rigidis
649 268 852 318 constans,
869 267 978 322 quod
997 269 1051 308 ita
1064 268 1293 322 disponatur
1311 283 1354 309 ut
1366 271 1446 321 ejus

221 324 337 376 plana
357 324 561 363 horizonti
583 339 664 363 non
690 324 762 363 fint
778 326 985 379 parallela:
1007 338 1101 364 tunc
1114 358 1124 374 ‚
1140 327 1447 380 quanticunque

220 380 401 432 potentii
425 393 623 433 prematur
644 383 806 435 praelum
826 380 946 431 illud,
966 381 1089 436 planis
1106 381 1254 436 semper
1274 381 1446 437 perfeffi}

221 436 349 489 planis
378 451 423 476 ac
447 437 642 490 parallelis
669 438 772 477 inter
801 437 840 477 se
859 438 1178 487 remanentibus,
1202 439 1270 477 illa
1293 440 1447 480 nullum

220 492 375 545 pondus
398 492 500 532 inter
524 493 560 531 se
587 493 844 538 retinebunt;
876 494 942 534 sed
971 493 1071 533 illud
1099 494 1251 548 pondus
1288 496 1448 549 propria

219 549 416 601 gravitate
441 549 568 589 statim
589 550 740 590 labetur
761 550 866 590 inter
885 550 967 605 ipsa
993 552 1108 605 plana
1122 584 1133 601 ,
1159 564 1279 605 atque
1295 551 1403 591 idem
1426 553 1447 592 31

218 607 339 657 praelo
352 606 428 645 sese
441 605 624 646 liberabit
635 639 646 656 ,
659 607 730 645 nili
743 606 902 646 aliunde
918 607 1146 647 retineatur.
1170 609 1268 647 Haec
1282 607 1444 662 quidem

218 660 269 700 ad
290 662 474 715 quintum
496 663 673 702 nostrum
692 663 838 703 librum
859 664 1072 717 pertinent.
1107 664 1224 703 Libet
1244 677 1376 704 autem
1396 680 1445 705 ex

217 732 362 771 quarto
385 734 545 773 quoque
578 719 660 758 haec
690 718 848 759 addere.
893 720 932 760 Si
962 733 1038 759 tres
1061 721 1248 774 potentia:
1273 721 1445 763 totidem

217 772 377 814 funibus
395 775 444 815 ad
463 790 718 815 communem
729 775 881 815 nodum
899 776 1075 830 religatis
1088 790 1249 830 agentes
1265 810 1276 826 ,
1291 777 1444 827 (nodus

216 831 272 870 est
293 831 461 884 quodvis
484 833 672 886 punistum
687 832 729 871 in
753 830 872 881 fune)
898 833 1146 886 aequilibrum
1164 833 1407 873 constituant
1431 853 1442 875 :

214 898 310 926 tunc
331 887 498 928 describi
522 889 671 942 poterit
685 889 930 942 triangulum
943 890 1048 940 cujus
1071 902 1251 928 centrum
1273 891 1443 943 gravita-

213 943 263 983 tis
285 943 329 982 fit
350 945 476 984 nodus
499 946 579 999 ipse
592 978 603 995 ,
617 958 692 984 tres
709 959 841 985 autem
857 946 994 999 anguli
1009 945 1059 985 ad
1078 945 1155 985 tria
1176 944 1332 985 funium
1347 962 1444 1001 pun⁴

213 1000 277 1039 &a
298 1001 444 1041 alicubi
459 1002 721 1042 terminentur
747 1001 928 1052 (infinita
950 1001 1112 1056 quidem
1128 1001 1443 1044 describerentur

212 1056 413 1111 triangula
426 1092 436 1108 ‚
461 1057 524 1097 sed
547 1059 683 1098 onmia
699 1058 836 1098 similia
851 1063 862 1108 >
877 1072 992 1098 erunt
1008 1072 1140 1098 autem
1159 1072 1252 1098 tunc
1274 1073 1350 1100 tres
1368 1076 1440 1115 po-

211 1114 347 1153 tentia:
371 1115 412 1154 in
433 1114 570 1155 eadem
592 1116 747 1155 ratione
768 1130 858 1155 cum
877 1116 998 1155 tribus
1013 1116 1125 1156 reikis
1139 1114 1309 1156 acentro
1322 1117 1443 1157 trian-

212 1171 296 1223 guli
317 1170 366 1210 ad
390 1184 466 1211 tres
486 1174 650 1226 angulos
673 1172 893 1212 terminatis
911 1192 918 1216 ς
939 1172 994 1211 ita
1015 1185 1058 1211 ut
1087 1173 1272 1227 quaelibet
1295 1187 1441 1227 poten·

213 1226 269 1265 tia
292 1227 513 1283 homologa
536 1229 579 1268 s1t
599 1229 634 1268 ei
658 1226 878 1283 reelae‘quae
899 1229 941 1268 in
967 1227 1061 1269 fune
1084 1230 1197 1284 ipsius
1219 1230 1361 1270 existit.
1400 1231 1442 1271 Si

210 1297 381 1336 quatuor
402 1286 589 1339 potentiae
611 1300 694 1325 non
712 1286 918 1325 existentes
942 1287 985 1325 in
1006 1286 1148 1326 eodem
1174 1287 1292 1340 plano
1308 1319 1319 1337 ‚
1346 1287 1443 1327 toti-

209 1337 302 1379 dem
329 1339 487 1381 funibus
507 1341 556 1381 ad
580 1357 836 1382 communem
857 1342 1009 1381 nodum
1040 1343 1216 1396 religatis
1244 1356 1404 1396 agentes
1426 1378 1442 1395 ‚,

210 1396 475 1449 aequilibrium
497 1398 740 1438 constituant
758 1417 765 1438 ε
791 1412 886 1438 tune
908 1398 1017 1452 quod
1040 1397 1151 1453 supr}⁴
1172 1399 1221 1438 de
1236 1400 1443 1453 triangulo

209 1451 359 1493 distum
381 1455 455 1504 est,
473 1454 520 1494 de
542 1454 714 1508 quadam
736 1454 938 1509 pyramide
963 1468 1173 1508 tetragona
1193 1470 1332 1496 verum
1349 1457 1439 1498 erit,

211 1508 326 1548 Hinc
352 1510 460 1550 aliud
488 1510 756 1566 paradoxum,
783 1509 887 1550 funis
917 1511 1122 1550 horizonti
1150 1511 1316 1551 minime
1348 1527 1442 1566 per·

211 1565 478 1619 pendicularis
510 1569 656 1621 quant-21
681 1568 721 1607 vi
751 1566 959 1617 tendatur,
980 1567 1004 1605 fi
1026 1566 1198 1620 perfecte
1218 1568 1411 1622 plicabilis
1425 1603 1436 1620 2

209 1623 323 1661 nullo
342 1623 463 1664 modo
487 1637 618 1664 autem
640 1623 790 1678 rigidus
814 1639 861 1663 ex
891 1623 929 1662 se
949 1623 1109 1674 existat,
1130 1624 1312 1678 imposito
1334 1639 1442 1679 quoa⁷

210 1692 368 1733 cunque
389 1683 451 1719 vel
469 1681 637 1720 minimo
653 1679 828 1734 pondere
842 1713 852 1730 ‚
875 1693 941 1719 aut
961 1680 987 1718 si
1005 1680 1086 1734 ipse
1101 1694 1149 1719 ex
1165 1680 1202 1719 se
1216 1681 1345 1735 gravis
1361 1681 1442 1722 esse

209 1733 456 1789 intelligatur
471 1770 480 1786 ‚
507 1738 683 1777 flectetur
704 1736 921 1777 necessario
935 1770 946 1786 ‚
958 1739 1022 1777 vel
1044 1749 1246 1791 rumpetur
1261 1770 1272 1786 ,
1285 1752 1357 1777 nec
1374 1739 1441 1779 vi,

209 1791 315 1831 ribus
334 1793 420 1832 ullis
440 1792 525 1832 fieri
554 1794 700 1848 poterit
722 1807 765 1833 ut
786 1795 910 1833 reclus
932 1792 1086 1833 evadat.
1122 1793 1337 1845 Similiter,
1358 1808 1444 1835 tre&

214 1850 278 1887 vel
299 1862 556 1904 quotcunque
579 1849 691 1890 funes
712 1850 762 1890 ad
787 1865 1042 1890 communem
1070 1849 1220 1891 nodum
1250 1852 1436 1905 religati,

215 1904 382 1945 totidem
414 1907 600 1960 potentiis
631 1907 675 1946 in
707 1906 848 1947 eodem
874 1908 992 1961 plano
1018 1906 1269 1947 existentibus
1293 1931 1308 1957 ,-
1329 1908 1447 1962 quod.

213 1962 375 2014 planum
397 1963 602 2003 horizonti
615 1978 696 2004 non
720 1964 764 2003 sit
780 1963 1446 2018 perpendiculare‚quibuscunque¹

214 2017 363 2058 v-iribus
383 2019 594 2059 tendantur
609 2041 616 2065 ;
634 2020 815 2075 impofito
833 2035 1071 2075 quocunque
1084 2022 1149 2060 vel
1162 2020 1330 2060 minimo
1342 2036 1449 2075 pon*

212 2073 308 2125 dere
325 2077 426 2128 ‚‚vel
447 2075 473 2114 fi
495 2075 564 2131 ipsi
588 2075 700 2117 funes
722 2092 790 2131 per
813 2077 850 2117 se
874 2092 1011 2132 graves
1035 2076 1110 2117 effe
1135 2077 1408 2131 intelligantur
1423 2109 1447 2130 ³,

1091 2135 1130 2174 O
1145 2148 1168 2173 o
1180 2148 1203 2172 o
1225 2147 1266 2186 ιι]
