1915 2663
433 156 513 191 234
570 139 642 176 Da
677 136 1078 176 Rasowrrom
1111 136 1559 186 AEQUAT10NUM;.

430 202 618 249 transeat,
639 200 842 254 jaceatque
862 200 1022 240 interim
1045 201 1193 255 semper
1219 201 1264 241 in
1283 203 1401 255 plano
1420 201 1572 241 mobili.

488 257 563 295 His
585 256 715 310 politis
729 289 739 306 ‚
759 256 786 295 fi
811 257 1020 296 statuamus
1048 260 1208 311 planum
1229 258 1376 297 mobile
1391 273 1481 297 cum
1500 259 1672 297 immo-n

429 313 523 363 bili,
537 313 593 351 ita
607 326 650 351 ut
662 315 772 366 polus
798 313 955 351 mobilis
970 314 1107 352 existat
1126 314 1168 352 in
1186 315 1322 354 semita
1336 347 1345 361 ‚
1365 321 1404 356 δε
1423 316 1560 369 regula
1578 330 1649 369 per

425 381 637 423 utrumque
656 370 791 423 polum
810 368 980 408 transeat
993 401 1003 419 ‚
1022 382 1106 408 tum
1121 384 1327 410 moveatur
1341 372 1501 426 planum
1523 371 1654 412 mobi-

427 427 465 466 le
490 424 701 465 secunde
725 438 874 465 certam
906 424 1105 480 quandam
1134 441 1179 465 ac
1207 428 1460 468 constitutam
1482 430 1612 483 legem
1635 461 1648 479 ,
1672 465 1677 473 ,,

427 497 514 537 quae
533 496 666 522 tamen
687 484 749 522 lex
773 481 823 522 ad
841 482 1048 522 arbitrium
1067 484 1291 523 Geometrae
1317 484 1449 537 initio*
1462 485 1607 538 pendet
1632 518 1647 537 ,

427 539 552 580 modo
578 539 707 594 postea
727 541 795 579 illa
814 540 1050 580 inviolatam
1071 540 1220 591 servet,
1241 541 1333 594 polo
1350 540 1490 580 mobili
1509 543 1650 582 secun-

427 595 522 636 dnm
544 597 721 636 semitam
749 596 904 647 delato,
927 611 1055 650 neque
1082 597 1130 636 ab
1161 612 1206 636 ea
1227 597 1390 651 usquam
1419 612 1612 651 evagante
1634 631 1653 648 9<
1672 639 1677 644 x

426 667 695 707 notenturque
715 653 876 693 interim
898 655 1039 708 punsta
1052 654 1094 692 in
1111 653 1249 707 quibus
1263 655 1399 708 regula
1413 655 1651 708 genitricem

427 710 554 760 secat,
581 725 624 749 ac
645 725 712 764 per
733 711 868 750 omnia
889 711 958 750 illa
987 710 1202 750 scetionum
1229 712 1394 764 ρυῑιξὶεῑ,
1425 711 1530 751 linea
1557 712 1653 752 duci

426 766 676 821 intelligatur
699 786 706 807 :
735 768 818 807 haec
843 768 918 806 erit
936 767 1130 807 concho'is
1153 766 1201 806 de
1226 782 1303 821 qua
1328 782 1434 807 nunc
1453 769 1620 822 agimus.

486 824 590 863 Fieri
617 837 747 863 autem
770 824 915 878 potest,
934 839 978 863 ac
1002 823 1141 863 revera<
1158 823 1203 863 fit
1221 823 1417 878 saepissime
1430 857 1441 874 ‚
1461 838 1505 863 ut
1517 825 1560 865 in
1571 840 1651 865 una

427 879 647 934 eademque
668 882 779 933 plani
802 880 960 919 mobilis
985 893 1102 934 atque
1122 879 1217 920 ideo
1233 881 1348 920 lineae
1366 881 1569 936 genitricis
1583 896 1650 936 po⁶

428 936 569 976 sitione
583 969 593 987 ,
617 939 753 990 regula
776 937 898 990 ipsam
912 937 1149 990 genitricem
1166 937 1208 975 in
1224 935 1377 977 duobus
1395 939 1458 978 vel
1476 939 1650 991 pluribus

424 993 578 1046 punffls
602 992 725 1036 secet;
747 992 852 1032 unde
870 993 991 1032 etiam
1012 991 1161 1032 accidit
1176 1008 1259 1031 non
1271 994 1362 1032 raro
1375 1007 1444 1043 ,ut
1455 995 1650 1043 concho'is

424 1048 520 1088 inde
543 1063 630 1089 orta
655 1063 737 1089 non
762 1049 806 1089 sit
831 1049 948 1090 unica
973 1049 1077 1089 linea
1090 1049 1304 1100 continua,
1319 1049 1383 1089 sed
1396 1049 1652 1104 duplex,tri-

424 1106 516 1159 plex
534 1139 544 1156 ‚
568 1120 634 1145 aut
658 1107 793 1145 multis
817 1105 946 1146 modis
969 1107 1178 1160 multiplex
1197 1139 1208 1156 ‚
1233 1106 1289 1145 ita
1319 1120 1362 1146 ut
1387 1120 1516 1161 partes
1544 1108 1651 1147 illius

425 1162 642 1215 aliquando
659 1195 670 1213 ‚
687 1163 808 1202 etiam
830 1164 873 1202 in
894 1162 1096 1202 infinitum
1117 1162 1313 1216 prodmstae
1327 1195 1335 1207 ,
1366 1178 1568 1217 nunquam
1583 1165 1650 1204 fibi

426 1218 603 1258 invicem
617 1232 827 1259 occurrant
839 1239 848 1263 ;
863 1219 1078 1274 aliquando
1091 1253 1101 1269 ,
1112 1218 1132 1259 ὲ
1145 1219 1347 1258 contrario
1358 1252 1370 1270 ,
1382 1219 1458 1258 illae
1472 1234 1599 1274 partes
1615 1222 1652 1261 se

426 1274 580 1325 secent,
605 1283 644 1317 &
670 1275 885 1330 aliquando
909 1275 1055 1316 eaedem
1078 1276 1114 1315 se
1134 1288 1302 1330 tangant
1318 1275 1472 1316 tantum
1495 1296 1503 1317 ;
1527 1277 1589 1317 sed
1610 1286 1651 1320 δε

428 1331 529 1370 illud
550 1332 633 1371 fieri
658 1333 803 1386 potest,
826 1347 870 1372 ut
891 1333 1024 1387 aliqua
1051 1332 1268 1387 positione,
1291 1334 1428 1387 regula
1446 1333 1559 1373 linere
1579 1349 1650 1388 ge·-

427 1387 566 1427 nitrici
586 1390 699 1427 nullo
723 1388 844 1428 modo
873 1403 1056 1428 occurrat
1073 1421 1083 1438 ,
1107 1404 1187 1442 quo
1210 1390 1322 1443 pacto
1345 1391 1541 1429 concho'i's
1566 1406 1650 1431 non

427 1444 504 1483 erit
528 1444 577 1483 ad
601 1458 808 1499 utramque
830 1459 983 1500 partem
1007 1445 1163 1485 infinite
1182 1445 1358 1496 extensa,
1382 1447 1445 1485 vel
1469 1445 1575 1486 certe
1587 1447 1650 1501 ip-

426 1500 466 1539 sa
490 1501 566 1540 erit
587 1500 831 1555 interrupta,
860 1517 943 1541 non
964 1502 1059 1542 vero
1088 1502 1291 1541 continua.
1328 1501 1403 1542 Sed
1434 1503 1516 1542 haec
1542 1503 1652 1543 indi—

426 1555 529 1596 casse
552 1556 717 1597 sufficiat
735 1558 777 1597 in
793 1571 875 1597 tam
897 1572 998 1613 vaga
1015 1571 1133 1612 atque
1157 1558 1371 1613 multiplici
1387 1559 1581 1600 linearum
1593 1560 1652 1600 ina

424 1612 548 1652 finitis
568 1613 697 1654 modis
722 1613 968 1654 infinitarum
989 1614 1266 1669 descriptione.

482 1672 527 1709 In
541 1670 679 1723 specie.
714 1672 909 1711 Ponamus
925 1672 967 1711 in
980 1672 1113 1726 aliqua
1127 1687 1174 1711 ex
1191 1671 1312 1710 tribus
1328 1671 1388 1711 'nis
1401 1671 1534 1725 figuris
1547 1704 1557 1719 ,
1570 1674 1652 1726 pla-2

425 1741 522 1766 num
543 1727 691 1765 mobile
707 1727 781 1766 effe
803 1727 902 1766 illud
925 1728 967 1768 in
993 1744 1072 1782 quo
1097 1728 1150 1768 est
1171 1728 1340 1767 circulus
1367 1729 1474 1777 cujus
1495 1727 1648 1767 diame-

427 1795 487 1822 ter
506 1784 558 1822 est
581 1784 661 1823 CD
686 1785 750 1823 vel
782 1785 871 1828 GF;
898 1798 1016 1838 atquc
1038 1785 1081 1823 in
1103 1800 1149 1823 eo
1171 1786 1289 1837 plano
1313 1784 1458 1823 lineam
1480 1784 1649 1837 genitria

428 1854 515 1879 cem
540 1838 615 1878 esse
636 1838 806 1890 ejusdem
836 1839 976 1879 circuli
998 1838 1381 1885 circumferentiaim
1403 1843 1538 1894 polum
1560 1856 1647 1880 moa

428 1896 551 1936 bilem
576 1895 651 1935 effe
672 1897 784 1950 ipsius
806 1909 986 1936 centrum
1010 1899 1038 1936 B
1056 1899 1120 1937 vel
1143 1899 1198 1946 E,
1223 1899 1465 1950 &regulam
1492 1895 1567 1936 effe
1583 1913 1647 1937 re-

431 1954 532 1992 Etam
559 1955 624 1992 AB
639 1985 649 2000 ‚
675 1954 738 1993 vel
760 1956 845 1994 ΑΕ.
880 1954 1074 1993 Donamus
1097 1952 1242 1993 deinde
1261 1955 1420 2007 planum
1442 1954 1648 1993 immobile

429 2008 505 2047 effe
525 2009 568 2048 id
586 2009 629 2048 in
649 2025 728 2064 quo
748 2011 802 2050 est
830 2011 934 2050 recia
957 2012 1022 2049 BE
1046 2011 1089 2050 in
1112 2009 1313 2050 infinitum
1345 2011 1530 2064 utrinque
1552 2025 1647 2064 pro-

428 2063 566 2117 (luffa,
590 2080 675 2120 qua:
708 2069 813 2108 recta
845 2065 983 2108 eadem
1014 2066 1058 2107 fit
1091 2068 1226 2108 semita
1255 2081 1324 2121 per
1351 2082 1475 2123 quam
1494 2065 1646 2108 fer-atur
