1915 2663
770 169 846 209 47²

199 225 337 280 gantia
363 223 445 265 dici
477 236 558 264 non
587 220 740 276 potest)
763 219 874 276 quod
894 219 936 260 in
970 220 1081 260 rebus
1117 217 1420 263 Mathematicis

196 281 315 322 ambo
337 271 621 334 fimus'egregii
642 277 698 318 ita
727 290 770 317 ut
793 291 938 333 paucos
965 290 1098 332 pares,
1120 280 1251 318 nullos
1277 279 1419 333 agnos.

197 353 332 378 camus
354 337 568 392 superiores
594 353 603 375 :
628 333 876 388 nequaquam
899 346 1054 385 tamen,
1071 334 1149 374 hoc
1169 337 1305 390 pavito,
1325 338 1422 378 tales

199 395 344 434 erimus
364 408 462 447 quos
484 392 666 433 universa
692 391 875 446 respiciat
899 392 1077 445 Europa3
1093 391 1234 446 nempe
1253 393 1423 437 misellos

200 453 437 491 Geometras
457 449 506 489 de
536 449 667 489 nescio
696 463 775 502 quo
797 449 942 502 puncto
973 447 1249 502 disceptantes.
1296 450 1433 493 Simusv

197 505 330 562 potius
352 504 492 558 ambo,
517 521 592 561 ego
615 505 781 560 triginta
804 505 976 544 millium
1002 504 1180 559 pediturn
1203 506 1428 551 nostrorum

199 577 480 606 veteranorum
509 562 591 603 dux
610 597 620 613 ‚
646 576 687 601 tu
717 560 886 601 totidem
917 561 1165 603 vestrorum:
1200 562 1297 602 adsit
1327 566 1427 605 utri-

197 636 277 675 que
298 621 495 676 equitatus
516 620 585 660 tali
609 632 774 659 numero
794 617 971 668 debituS,
985 619 1168 673 nihilque
1185 618 1282 660 defit
1294 635 1427 662 armo-

197 693 285 718 rum
302 711 314 729 ‚
337 692 529 728 annonae,
553 689 620 716 aut
650 675 742 715 fidei
771 674 945 713 militurn
968 689 1061 729 erga
1093 676 1211 716 duces
1231 697 1239 721 ;
1266 692 1310 717 ac
1331 692 1428 719 tunc

198 735 381 776 universa
404 732 536 774 forsan
555 748 626 772 nos
650 731 832 785 respiciet
855 733 1026 785 Europa.

260 793 356 831 Hoc
376 792 468 830 loco
481 823 493 841 ,
518 789 594 829 Vir
616 787 837 828 Clariffime
850 821 861 838 ,
878 788 1057 841 cogitare
1080 789 1198 828 subiit
1208 790 1276 843 qui
1291 790 1425 843 ficret,

196 860 242 886 ut
261 847 351 887 cum
373 847 490 885 semel
510 844 561 885 ad
581 859 622 884 te
643 845 861 899 scripserim
888 850 898 895 (
924 844 1052 899 prima
1071 845 1179 885 enim
1205 846 1280 886 alia
1295 849 1427 889 nostra

195 902 248 943 de
265 917 304 943 te
322 903 483 958 epistola
505 902 556 942 ad
583 904 632 942 R.
653 903 695 942 P.
716 901 976 941 Mersennum
1001 901 1148 941 direch
1171 901 1302 943 fuerat
1324 910 1336 953 )
1362 905 1426 944 id-

196 975 276 1014 que
300 961 397 1015 stylo
418 959 488 1014 qui
513 974 603 999 meo
624 966 664 1000 δε
685 958 906 998 amicorum
929 956 1102 1008 judicio,
1124 958 1227 998 nihil
1256 962 1427 1002 omnino

195 1017 356 1067 acerbi,
379 1031 607 1071 quanquam
631 1016 714 1070 post
744 1029 896 1069 ereptas
915 1014 935 1054 a
956 1028 995 1054 te
1021 1015 1136 1055 nobis
1168 1016 1318 1057 nostras
1339 1031 1426 1058 tro-

195 1073 362 1114 choides
375 1107 386 1124 ‚
410 1072 585 1117 redolet;
601 1072 680 1126 ipse
701 1085 835 1111 tamen
858 1069 878 1111 ὲ
900 1072 1103 1111 contrario
1117 1105 1129 1123 ,
1143 1073 1224 1112 acri
1237 1073 1338 1114 adeo
1355 1076 1429 1129 sty-

194 1131 236 1169 lo
257 1130 495 1185 rescripseris
510 1149 518 1173 3
534 1144 606 1168 nec
621 1129 721 1168 mihi
739 1128 833 1178 soli,
849 1143 928 1182 quo
943 1131 1056 1182 pac'to
1070 1127 1226 1169 facilius
1240 1145 1299 1170 res
1312 1147 1433 1172 com-

196 1200 442 1241 ponerentur
462 1220 472 1237 ,
499 1185 563 1225 sed
583 1185 705 1225 tribus
731 1185 885 1235 (nescio
905 1200 1000 1225 num
1021 1185 1142 1225 etiam
1157 1187 1353 1240 pluribus)
1377 1189 1428 1228 li·-

197 1244 292 1284 teris
314 1243 364 1283 ad
385 1243 634 1298 amplissimos
654 1242 1011 1296 celeberrimosque
1037 1242 1144 1282 viros
1164 1242 1214 1282 de
1227 1259 1290 1283 me
1303 1245 1426 1300 scrip-

197 1299 269 1351 tis,
296 1300 404 1340 haud
420 1300 499 1340 alio
521 1312 758 1353 argumento
772 1298 1005 1353 quamquod
1022 1299 1262 1340 existimares
1282 1307 1292 1351 (
1309 1302 1428 1342 nimis.

197 1369 333 1396 tamen
352 1357 516 1404 leviter)
540 1369 721 1395 centrum
734 1354 956 1394 trochoidis
970 1355 1083 1409 ipsius
1102 1356 1175 1395 tibi
1188 1355 1303 1397 fuisse
1314 1373 1435 1414 erep-r

196 1426 295 1454 tum.
329 1414 534 1453 Tantusne
552 1411 793 1451 Torricellio
815 1426 950 1451 earum
970 1426 1065 1465 quas
1091 1411 1173 1452 suas
1197 1427 1332 1467 putat,
1358 1430 1429 1455 nu-

196 1484 337 1523 garum
360 1471 463 1509 zelus
485 1469 628 1520 (liceat
647 1483 694 1507 eo
715 1468 789 1507 tibi
809 1466 1000 1507 familiari
1018 1482 1216 1521 nugarum
1230 1472 1431 1512 vocabulo

198 1526 282 1576 uti)
309 1540 353 1567 ut
374 1527 503 1567 statim
523 1538 642 1579 atque
665 1539 727 1563 eas
751 1524 819 1563 fibi
840 1536 992 1578 ereptas
1016 1525 1239 1578 putaverit,

357 1614 487 1646 Irruat
511 1606 555 1652 cb·
566 1608 715 1661 frustra
721 1608 835 1661 ferro
857 1605 1080 1646 diverberet
1095 1606 1270 1659 umbras,

201 1695 252 1723 ne
276 1680 440 1735 quidem
462 1681 680 1736 cogitando
711 1694 876 1735 quantas
898 1681 990 1732 ille,
1020 1679 1111 1720 cum
1135 1680 1281 1721 direffl}
1298 1715 1310 1734 ‚
1343 1682 1437 1726 tum·

197 1737 418 1790 indirecte,
439 1739 486 1779 ab
503 1739 589 1779 aliis
614 1738 840 1792 sumpserit,
872 1738 923 1777 ob
948 1751 1042 1792 quas
1065 1738 1283 1792 periculum
1309 1739 1353 1780 fit
1378 1755 1442 1781 ne·

200 1796 382 1848 quamvis
410 1796 587 1850 placidos
616 1794 742 1835 acrius
766 1794 985 1844 irritando,
1008 1795 1088 1849 ipse
1107 1794 1270 1835 vicissim
1292 1810 1439 1850 poenas-

200 1851 310 1894 luat3
341 1853 469 1907 Atqui
489 1853 799 1893 consentaneum
824 1864 929 1902 erat,
949 1851 1010 1891 vir
1030 1850 1200 1906 prudens
1226 1852 1318 1893 cum
1346 1853 1391 1893 fit
1415 1886 1441 1905 „

202 1920 247 1947 ut
267 1909 504 1950 meminisset
522 1910 635 1961 hujus
660 1909 865 1964 praecepti,
881 1907 990 1963 quod
1004 1908 1073 1963 qui
1095 1907 1228 1960 dedit,
1245 1909 1276 1950 is
1288 1912 1440 1964 procul-

202 1963 325 2005 dubio
348 1964 425 2005 fuit
446 1966 496 2006 ad
515 1981 692 2021 unguem
708 1963 830 2006 sanstus
855 1966 1002 2010 homo;
1025 1963 1236 2017 videlicet,

362 2041 456 2092 Qi
469 2070 481 2087 ‚
500 2053 546 2078 ne
569 2037 761 2077 tuberibus
772 2041 944 2093 propriis
968 2038 1132 2092 offi²ndat
1155 2040 1326 2080 amicum·

367 2094 556 2146 ecstalat,
577 2095 744 2148 ignoscat
767 2098 943 2135 verrucis
965 2096 1090 2135 illius,
