1915 2663
748 190 826 229 445

171 238 460 279 ‘celeberrimus
472 234 514 278 P.
528 236 762 278 Mcrscmms
774 235 1028 278 trochoidem
1042 236 1083 279 in
1102 241 1405 282 memoriam·1·e-

186 296 370 346 vocavit,
388 310 469 334 non
487 295 564 334 fine
587 295 698 348 gravi
720 295 1033 348 expostulatione
1051 297 1156 349 quasl
1169 299 1402 352 propositio-

185 366 276 391 nem
294 351 399 391 haud
420 365 618 404 quaquam
631 351 848 404 ignobilem
861 384 870 401 ‚
887 350 936 390 dc
956 350 1145 392 industria
1165 356 1404 407 praeterirem

184 407 531 447 difficultateillius
543 407 783 461 perterritus.
800 409 886 461 Ego
898 408 945 447 fic
958 409 1165 462 castigatus
1176 411 1279 465 coepi
1292 412 1405 451 sedu-

183 464 224 503 Ιὸ
236 465 356 518 ipsam
368 464 573 517 inspicere,
587 478 630 502 ac
647 478 740 503 tunc
755 464 928 518 quidem,
940 479 1024 518 quae
1036 466 1178 519 absque
1191 467 1406 508 indivifibi-

182 519 284 559 libus
313 520 550 559 difficillima
562 520 643 560 visa
658 534 741 560 erat
754 553 764 570 ,
779 521 863 574 ipfis
883 521 1166 574 opitulantibus
1181 555 1191 573 ,
1204 526 1316 563 nullo
1334 539 1406 564 nc-

184 577 298 630 gotio
318 577 457 631 patuit.
493 576 642 616 Modus
664 591 794 616 autem
811 577 938 616 noster
949 577 996 616 ab
1010 578 1096 617 aliis
1111 580 1294 619 omnibus
1307 596 1406 634 quos

183 633 263 673 huc
283 634 403 688 usque
424 633 560 674 videre
578 633 774 686 contigit,
788 632 908 686 longe
920 632 1093 674 diversus
1115 636 1188 680 est;
1204 644 1243 678 δε
1261 637 1332 676 nisi
1343 653 1406 678 me

182 689 354 730 nimium
371 706 484 741 amo,
497 690 604 730 idem
624 690 700 729 illis
727 689 909 728 omnibus
931 690 1052 744 longe
1073 693 1295 737 antecellit;
1315 695 1408 748 quia

185 747 364 788 omnium
380 746 670 801 simplicissimus
684 779 694 795 ,
708 744 948 785 breviffimus
962 779 973 796 ,
987 747 1328 789 universaliffimus
1341 783 1352 801 ,
1366 759 1409 793 δε

183 803 235 843 ad
252 803 376 843 solida
397 802 617 858 detegenda
637 801 848 856 aptissimus
869 802 1029 853 existat,
1042 816 1086 842 ut
1102 805 1240 857 sponte
1257 806 1407 846 anatu-

184 874 228 899 ra
257 859 468 913 prodrxiffls
483 893 493 910 ‚
512 859 644 899 caeteri
674 859 847 913 pervim
867 859 914 899 ab
944 872 1026 898 arte
1049 859 1167 900 effiffi
1184 861 1406 905 videantur.

182 917 320 957 Habes
347 931 496 956 annum
519 932 598 971 quo
621 915 1138 961 trochoideminveni1nus;
1158 916 1265 957 diem
1287 920 1407 960 etiam

184 972 211 1011 fi
230 972 287 1012 ita
307 973 512 1027 expediret
533 972 757 1023 adjicerem.
793 973 947 1013 Caetera
968 973 1044 1022 jam
1063 972 1112 1012 ad
1133 987 1172 1012 te
1191 974 1341 1029 scripsi,
1365 985 1407 1018 δε

180 1029 326 1070 horum
359 1030 542 1069 omnium
573 1030 710 1069 testem
742 1028 1087 1084 locupletiffimum
1111 1035 1120 1081 (
1146 1045 1406 1087 praeterquam

179 1087 371 1139 plurimos
395 1087 518 1137 alios,
541 1102 710 1141 quorum
731 1086 911 1140 epistolas
936 1085 984 1125 de
1015 1087 1090 1126 hac
1120 1102 1162 1126 re
1189 1089 1406 1132 etiamnum

182 1142 287 1196 apud
310 1158 373 1182 me
392 1142 567 1193 assei-vo)
590 1143 715 1197 ipsum
741 1142 910 1183 eundem
939 1143 1066 1182 habeo
1089 1159 1206 1198 quem
1234 1145 1368 1187 laudas
1392 1181 1404 1199 ,

181 1200 485 1239 celeberrimum
513 1201 553 1240 P.
577 1200 849 1241 Mersennum.
893 1198 998 1239 Vide
1023 1215 1120 1254 ergo
1148 1216 1243 1241 num
1269 1203 1312 1242 fit
1335 1219 1404 1244 cur

179 1254 361 1306 doleam,
383 1255 475 1296 curn
501 1272 570 1297 vos
594 1271 661 1311 per
689 1256 1037 1311 exprobrationem
1062 1257 1233 1308 objicitis
1256 1274 1404 1314 propo-

178 1311 360 1353 fitionem
381 1314 492 1353 illam
514 1312 647 1353 forsan
662 1326 752 1353 ante
769 1313 923 1352 obitum
940 1313 1097 1353 Galilaei
1112 1314 1292 1356 nondum
1313 1316 1402 1357 fuis-

178 1368 217 1408 se
246 1371 475 1420 inventam,
507 1370 576 1424 qui
597 1383 731 1409 tamen
759 1369 861 1410 vixit
885 1370 1005 1423 usque
1026 1369 1075 1409 ad
1103 1385 1249 1411 annum
1283 1382 1412 1425 1642,v

177 1425 373 1481 praecipue
387 1460 398 1477 ,
420 1426 513 1467 cum
532 1428 610 1477 jam
630 1426 680 1466 ad
700 1441 770 1466 vos
794 1425 1010 1480 scripserim
1037 1441 1100 1466 me
1119 1441 1225 1466 anno
1248 1428 1400 1469 duode-

177 1483 285 1523 cimo
308 1484 387 1534 jam
416 1482 546 1537 elapso
563 1481 766 1523 inveniffe.
796 1485 852 1523 Ut
872 1482 920 1520 fic
933 1482 1035 1521 mihi
1047 1496 1108 1521 tot
1128 1484 1239 1523 testes
1257 1485 1402 1526 haben-

181 1538 234 1590 ti,
258 1547 299 1581 &
319 1539 384 1579 cui
404 1554 481 1579 una
499 1539 675 1579 sufficere
694 1538 830 1577 debuit
843 1538 986 1578 veritas
999 1571 1009 1587 ,
1026 1537 1143 1577 fidem
1155 1554 1315 1581 ornnem
1330 1542 1401 1581 de-

177 1597 343 1651 negetis.
375 1597 543 1636 Inventa
563 1595 713 1635 infiniti
730 1594 911 1634 doe'trin‘i
933 1594 1076 1644 (liceat
1096 1595 1226 1635 adhuc
1249 1612 1296 1637 eo
1323 1613 1399 1638 no-

178 1653 287 1693 mine
307 1652 365 1693 uti
388 1652 432 1691 in
458 1653 534 1691 hac
560 1652 722 1706 epistola
744 1672 753 1696 3
778 1651 938 1719 posthac
964 1685 974 1702 ‚
1002 1651 1120 1700 absit)
1143 1667 1267 1707 eaque
1287 1686 1298 1701 ‚
1325 1670 1414 1709 pro·

178 1722 357 1765 tempore
390 1709 478 1748 satis
504 1707 626 1763 probe
648 1709 823 1752 exculta;
849 1722 924 1762 ego
949 1707 999 1747 ad.
1020 1721 1226 1762 tangentes
1257 1725 1399 1752 curva-

177 1781 266 1807 mm
287 1766 465 1806 animum
487 1764 673 1820 applicui.
702 1768 763 1805 Ac
781 1765 976 1820 primurn,
997 1765 1039 1805 vi
1060 1766 1275 1820 Analyseos
1289 1801 1300 1818 ,
1313 1783 1410 1808 rne-·
1449 1782 1452 1784 ·

179 1822 349 1864 thodum
363 1822 562 1877 quandam
583 1823 712 1876 reperi
724 1854 734 1869 ,
751 1837 836 1876 quae
849 1855 859 1872 ‚
872 1821 1022 1862 etiamsi
1036 1821 1156 1877 longe
1168 1824 1298 1877 postea
1309 1826 1399 1865 uni-
1411 1847 1413 1849 ·

178 1880 337 1920 versans
358 1878 434 1919 effe
456 1879 699 1934 deprehensa
719 1878 762 1918 fit
776 1912 786 1929 ,
813 1892 946 1919 tamen
969 1893 1106 1919 recens
1124 1879 1310 1932 inventa,
1338 1896 1398 1922 ta-

179 1936 226 1976 lis
246 1951 327 1976 non
349 1937 529 1990 apparuit
550 1955 558 1977 :
582 1936 803 1991 quaerebam
825 1936 922 1977 vero
945 1936 1293 1982 universalem&
1308 1953 1400 1993 par-

179 1992 363 2033 ticulares
385 1992 594 2033 methodos
619 1998 684 2043 (ut
702 1991 857 2042 adhuc)
884 1992 1030 2048 ubique
1049 1992 1306 2048 dedignabar.
1343 1997 1414 2035 At

181 2049 410 2090 trochoides
425 2049 564 2089 nostrae
586 2049 833 2090 occafionem
853 2049 1048 2090 dederunt
1066 2065 1134 2090 cur
1153 2049 1203 2090 ad
1218 2064 1399 2102 motuum

180 2106 508 2162 compositionem
523 2105 768 2161 respicerem.
799 2107 967 2149 Occasio
980 2107 1067 2149 satis
1076 2106 1183 2203 Ιίῖἰυιὶςῑέ
1194 2121 1240 2169 ae
1251 2122 1414 2164 propo-3-

1158 2198 1168 2202 -
1200 2177 1242 2215 ιι]
