1915 2663
485 222 842 277 comparabuntur,
864 229 909 259 ut
928 217 1163 259 antecedens
1185 217 1348 259 rationis
1370 217 1413 258 fit
1429 216 1575 274 semper
1602 236 1623 260 2
1641 233 1704 260 exc

488 293 640 334 ponens
669 276 874 332 quadrati;
904 275 1145 328 consequens
1171 275 1266 315 vero
1297 275 1340 314 sit
1372 275 1519 315 summa
1545 291 1591 314 ex
1618 276 1703 330 ipso

490 347 714 389 expone-nte
742 351 762 373 2
785 340 825 374 δε
855 331 934 370 alio
964 343 1187 384 exponente
1211 331 1323 384 ipsius
1349 331 1490 386 gradus
1518 332 1566 371 ad
1586 347 1704 385 quem

490 391 690 445 pertinent
717 387 872 429 numeri
899 401 1068 441 quorum
1094 386 1296 426 sumuntur
1320 387 1470 428 radices
1493 388 1703 442 quadratae.

491 451 548 488 Ut
574 447 599 485 fi
619 446 817 486 sumantur
833 443 983 484 radices
1002 442 1203 498 quadratae
1224 457 1478 484 numerorum
1497 444 1704 498 quadrato-

491 502 901 558 quadrato-cuborum
925 501 994 554 qui
1022 499 1108 539 sunt
1123 499 1279 553 septimi
1301 499 1440 554 gradus
1461 502 1567 551 cujus
1589 516 1705 556 expo.

492 575 589 600 nens
614 559 667 599 est
686 576 710 613 7
723 592 734 609 ,
757 558 832 598 erit
851 557 1092 611 consequens
1114 556 1282 595 rationis
1301 573 1324 604 9
1342 589 1352 606 ‚
1376 556 1590 595 conflatum
1614 572 1661 596 ex
1683 576 1706 599 2,

493 624 536 659 δε
557 633 603 668 7,
631 624 671 658 δε
694 616 796 655 ratio
822 614 897 654 erit
909 627 952 653 ut
969 631 989 654 2
1002 612 1052 652 ad
1064 630 1100 662 9.
1141 613 1329 653 Similiter
1342 645 1352 662 ‚
1366 612 1514 652 summa
1527 614 1709 656 omnium

492 671 672 713 radicum
691 671 918 711 cubicarum
937 670 1116 709 omnium
1129 684 1384 708 numerorum
1397 668 1538 708 ordine
1547 682 1707 709 natura-

492 730 544 780 li,
569 730 646 769 hoe
675 729 728 767 est
754 728 796 767 in
821 728 948 782 primo
975 725 1098 780 gradu
1117 759 1128 777 ,
1154 739 1270 779 atque
1302 724 1508 764 indefinite
1534 726 1708 779 sumpto-

491 801 579 826 rum
592 818 601 832 ,
624 784 673 825 ad
690 783 916 824 earumdem
938 783 1115 825 radicum
1134 782 1344 822 maximam
1362 780 1478 821 toties
1494 782 1709 836 sumptam,

492 843 529 881 se
550 842 669 881 habet
689 854 731 880 ut
757 857 773 893 3
806 855 1005 894 exponens
1025 839 1139 890 cubi,
1163 838 1213 878 ad
1237 857 1264 889 4
1284 838 1543 891 compositum
1567 853 1613 876 ex
1638 855 1708 878 eo-

491 897 584 937 dem
609 914 624 949 3
653 905 692 938 &
718 913 731 936 1
764 909 985 949 exponente
1015 895 1133 949 primi
1165 894 1326 948 gradus3
1358 895 1507 933 summa
1529 895 1709 935 omnium

491 953 671 995 radicum
695 951 922 991 cubicarum
943 951 1121 990 omnium
1145 949 1428 1004 quadratorum
1445 982 1455 995 ‚
1481 950 1530 989 ad
1561 965 1709 992 earum«

491 1010 584 1051 dem
606 1008 784 1049 radicum
801 1008 1014 1048 maximam
1039 1007 1154 1046 toties
1176 1007 1367 1060 sumptam
1382 1019 1424 1044 ut
1436 1005 1546 1060 supra
1560 1039 1570 1056 ‚
1584 1007 1620 1045 se
1636 1007 1709 1047 ha-

492 1067 558 1107 bet
577 1080 621 1106 ut
648 1083 662 1119 3
692 1064 741 1105 ad
768 1082 783 1118 5
809 1085 818 1110 ;
845 1077 961 1119 atque
983 1064 1038 1103 ita
1062 1064 1104 1102 in
1125 1062 1325 1102 infinit-um
1345 1097 1356 1113 ,
1383 1062 1533 1102 radices
1565 1064 1715 1104 cubicae

489 1124 671 1164 omnium
693 1121 909 1175 graduum,
933 1120 981 1160 ad
1014 1119 1242 1160 earumdem
1272 1119 1486 1159 maximam
1517 1119 1710 1174 sumptam

488 1194 534 1220 -ut
555 1181 688 1234 supra,
708 1178 1061 1232 comparabuntur;
1084 1177 1238 1230 eritque
1266 1176 1308 1215 in
1338 1176 1520 1215 omnibus
1548 1190 1708 1216 antece-v

489 1237 586 1277 dens
615 1253 655 1289 3,
680 1233 921 1288 consequens
944 1233 1040 1274 vero
1066 1246 1325 1287 componetur
1347 1248 1395 1272 ex
1415 1232 1556 1272 eodem
1580 1249 1594 1284 3
1618 1233 1708 1284 jun-

490 1296 554 1334 ἃο
580 1307 669 1332 cum
700 1304 922 1345 exponente
949 1288 1090 1344 gradus
1114 1290 1220 1341 cujus
1253 1288 1364 1328 radix
1395 1289 1533 1328 cubica
1557 1289 1708 1343 sumpta

490 1348 623 1389 fuerit.
664 1350 753 1388 Nec
776 1348 889 1386 aliter
910 1346 1059 1386 radices
1089 1345 1505 1398 quadrato-quadratae
1528 1346 1709 1388 omnium

492 1405 685 1460 graduum
698 1437 707 1453 ,
731 1403 780 1442 ad
801 1417 934 1442 earum
954 1402 1168 1441 maximam
1187 1401 1378 1455 sumptam
1398 1415 1441 1440 ut
1456 1401 1603 1440 di3um
1627 1403 1680 1441 est
1697 1436 1708 1453 ,

490 1461 845 1514 comparabuntur,
868 1458 1020 1511 eritque
1043 1457 1277 1497 antecedens
1304 1475 1351 1509 43
1375 1465 1414 1499 δε
1442 1458 1489 1496 sic
1511 1457 1552 1496 in
1572 1457 1710 1497 infini-

493 1531 576 1557 tum
595 1516 782 1555 infinities
797 1548 807 1564 ,
831 1528 873 1553 ut
899 1515 985 1553 satis
1010 1529 1057 1553 ex
1081 1513 1271 1567 ριέεάἰξὶίς
1289 1527 1406 1567 patet.
1438 1515 1536 1553 Hatc
1555 1512 1644 1553 cum
1659 1514 1723 1554 ad·

495 1572 770 1628 amplissimum
799 1571 929 1611 virum
964 1569 1186 1624 scripsissem
1207 1602 1217 1616 ,
1239 1569 1434 1609 dubitavit
1454 1585 1550 1609 num
1572 1585 1710 1612 eorum

494 1629 871 1670 demonstrationem
892 1627 1089 1667 haberem.
1127 1629 1265 1680 Itaque
1295 1627 1426 1680 paucis
1450 1626 1577 1666 verbis
1602 1627 1712 1668 indi-

493 1688 583 1727 cavi
599 1700 685 1724 eam
706 1684 780 1724 effe
802 1683 1056 1734 facillimam,
1073 1699 1139 1738 per
1157 1683 1356 1736 duplicem
1371 1682 1604 1737 positionem
1621 1700 1710 1725 mo.

496 1759 537 1784 re
558 1747 771 1792 Veterum,
794 1741 1023 1795 incipiendo
1049 1741 1096 1780 ab
1116 1740 1267 1779 unitate
1282 1773 1292 1789 ‚
1314 1748 1353 1782 δέ
1376 1740 1628 1794 procedendo
1644 1756 1711 1781 or-

498 1800 592 1840 dine
619 1814 685 1853 per
712 1813 847 1838 omnes
876 1799 1093 1851 potestates.
1123 1800 1217 1851 Qo
1243 1798 1380 1850 pasto,
1402 1795 1518 1835 facile
1539 1798 1592 1835 est
1612 1812 1712 1837 con-

499 1856 658 1896 cludere
680 1856 721 1895 in
744 1854 942 1909 quadratis
955 1889 964 1904 ‚
979 1855 1147 1908 exempli
1168 1853 1293 1906 gratia
1304 1886 1314 1902 ,
1328 1854 1516 1892 summam
1531 1855 1712 1895 omnium

499 1928 754 1953 numerorum
786 1910 1067 1966 quadratorum
1096 1909 1236 1949 ordine
1264 1910 1455 1958 naturali,
1479 1909 1542 1947 sed
1566 1909 1676 1950 finite
1697 1943 1710 1961 ‚

498 1970 741 2024 sumptorum
754 2002 763 2019 ,
785 1968 835 2007 ad
861 1967 1090 2008 eorumdem
1115 1966 1330 2005 maximum
1356 1966 1471 2004 toties
1492 1966 1708 2020 sumptum,

499 2028 704 2076 collatam,
729 2026 916 2075 majorem
942 2023 1016 2063 esse
1043 2023 1159 2078 quam
1184 2029 1225 2076 ξς
1259 2036 1298 2060 at
1322 2021 1482 2076 dempto
1507 2023 1554 2062 ab
1574 2022 1716 2065 eadem

499 2082 671 2134 summa,
693 2082 756 2122 seu
783 2082 830 2122 ab
853 2080 1110 2123 antecedente
1137 2078 1299 2121 rationis
1313 2112 1324 2130 ,
1345 2079 1517 2134 ipsorum
1540 2078 1711 2133 quadra&

1579 2148 1710 2178 torum
