1915 2663
765 173 839 210 441

199 231 294 260 nem
316 221 469 275 prorsus
494 220 719 275 negligam,
738 222 950 283 praeicrtim
964 235 1082 274 quam
1103 221 1242 260 nullius
1263 222 1416 276 negotii

198 274 323 316 'fuerit
344 277 545 321 refellere,
572 291 662 317 cum
686 291 822 331 practer
845 278 1017 317 rationes
1042 278 1214 327 nostras,
1242 293 1325 331 qut·
1349 293 1415 332 per

199 333 238 371 se
259 332 478 382 lufficiunt,
501 332 640 372 iisdem
663 334 778 373 ambo
802 335 958 373 testibus
980 347 1147 373 utamur.
1190 334 1276 373 Erit
1296 335 1416 375 ctinn

195 389 308 442 quod
328 389 376 428 de
394 389 505 429 vobis
529 390 768 444 expostulem
783 423 792 440 ‚
810 399 850 432 ἃ
873 405 914 429 ut
934 392 1043 444 spero
1064 405 1145 429 non
1164 390 1329 440 injuria>
1348 392 1416 445 qui

195 459 290 484 cum
310 443 527 485 festucam
518 461 561 485 in
579 446 716 486 nostris
747 447 870 486 oculis
891 460 1094 500 quaeratis,
1120 446 1304 485 trabem
1295 462 1336 486 in
1354 463 1376 486 x
1383 463 1418 486 e-

195 500 282 540 stris
302 515 383 541 non
405 502 739 543 animadvertatis.
774 504 917 543 Nolim
940 517 1071 542 tamen
1086 502 1137 541 ob
1158 502 1199 542 id
1212 503 1322 542 tolli
1313 517 1416 543 inter

195 570 268 597 nos
291 557 512 599 litterarum
534 560 840 604 commercium,
867 559 974 614 quod
992 575 1060 598 vos
1077 558 1243 598 nimium
1265 559 1414 613 rigide,

194 626 286 653 meo
309 614 469 667 quidem
488 616 663 667 judici-o‚
686 615 792 669 quali
815 616 966 669 aliquid
979 616 1090 655 nobis
1105 614 1326 655 timendum
1339 617 1416 655 mi·-

194 670 280 709 nati
314 671 430 712 estis:
454 673 551 726 quin
581 671 711 726 potius
743 673 915 725 optarim
946 674 1039 712 tales
1076 673 1183 721 iras,
1207 672 1416 712 suaviffimi

195 728 429 767 commercii
460 728 842 782 redintegrationem
869 727 1123 782 ess'e.Q10d
1145 728 1199 766 fi
1190 742 1293 768 inter
1315 745 1415 779 nos,

193 796 265 836 per
290 799 359 823 nos
381 784 482 838 ipsos
502 784 710 824 conveniri
730 799 811 823 non
834 785 979 838 potest,
992 784 1170 835 judicent
1187 785 1329 825 amici:
1344 801 1414 825 nos

192 838 345 890 judicio
369 840 543 894 ipsorum
568 841 665 880 stare
691 841 980 894 promittamus.
1012 840 1078 880 Ad
1099 855 1180 880 iem
1207 841 1339 881 venio.

254 898 320 935 De
339 897 606 951 propositione
624 899 738 937 Rotae
759 911 876 951 atque
893 896 1175 937 Trochoidum
1194 897 1297 936 illius
1311 899 1414 952 ‚pri-

196 965 306 992 mum
329 952 464 992 audivi
485 953 637 993 Parifiis
659 968 763 992 anno
792 959 906 995 1628.
937 960 1008 1003 (eo
1032 954 1139 992 enim
1159 952 1320 992 demum
1341 970 1413 994 an·-

193 1022 249 1048 no
270 1009 318 1048 ab
339 1008 593 1063 expeditione
618 1011 840 1063 Rupcllana
858 1025 1057 1060 reversus,
1084 1009 1231 1048 statui
1222 1025 1264 1049 m
1287 1011 1421 1050 maxi-

192 1078 260 1104 ma
280 1065 348 1104 illa
381 1079 498 1120 atque
523 1081 634 1106 omni
656 1065 871 1106 studiorum
895 1081 1038 1121 genere
1068 1065 1323 1106 excultisfima
1348 1082 1416 1107 ur-

195 1120 272 1170 be,
292 1121 421 1162 firmas
455 1122 561 1162 sedes
595 1123 782 1185 stabilire3
811 1138 903 1162 cum
933 1136 1046 1162 antea
1078 1135 1224 1176 vagUS,
1254 1123 1415 1163 incertis

194 1153 347 1218 sedibus
372 1212 382 1229 ‚
413 1178 570 1219 diversis
599 1179 642 1218 in
673 1180 787 1233 regni
812 1179 960 1219 Gallici
983 1179 1155 1241 partibus
1185 1178 1373 1232 degiss'em
1401 1185 1411 1228 )

194 1231 433 1290 afferuitque
454 1237 522 1288 qui
545 1236 792 1290 proponebat
806 1237 1082 1276 celeberrimus
1095 1250 1155 1275 vir
1175 1236 1289 1275 Pater
1309 1237 1418 1276 Met-

193 1289 361 1339 sennus,
385 1294 504 1331 talem
528 1292 783 1346 quaestionem
805 1308 871 1346 per
889 1293 1060 1332 multos
1052 1307 1131 1343 jam
1152 1307 1275 1331 annos
1297 1307 1317 1331 a
1335 1294 1418 1346 plu-

191 1346 299 1387 ribus
327 1361 518 1388 tentatam
531 1349 726 1402 ,eoulque
744 1349 957 1388 inlolutam
969 1349 1240 1403 permansisse:
1260 1349 1415 1403 cuiego

193 1405 379 1458 respondi
397 1439 408 1456 ‚
431 1406 508 1445 hoc
532 1406 569 1445 ei
593 1420 805 1445 commune
829 1404 904 1444 effe
925 1420 1016 1445 cum
1039 1405 1171 1444 multis
1197 1405 1282 1444 aliis
1302 1419 1417 1445 vetu-

193 1461 358 1501 stiffimis
395 1462 715 1515 nobilissimisque
751 1462 1086 1515 Propofitionibus
1112 1481 1122 1504 ;
1159 1477 1287 1514 neque
1324 1461 1417 1502 ideo

195 1518 410 1571 quicquam
430 1519 472 1558 in
492 1519 558 1558 illa
582 1518 707 1571 magis
729 1517 846 1571 quam
872 1519 914 1557 in
934 1519 994 1557 his
1016 1516 1241 1556 mirandum
1265 1517 1414 1567 videri,

197 1574 225 1613 si
246 1575 323 1614 una
344 1589 434 1613 cum
460 1575 536 1615 illis
560 1575 756 1614 solutione
778 1587 940 1614 careret.
983 1576 1043 1613 Ac
1066 1586 1160 1612 tunc
1181 1573 1260 1627 ipse
1287 1606 1297 1623 ‚
1325 1573 1416 1614 cum

190 1630 474 1671 difficillimam
498 1631 780 1680 existimarem,
810 1630 916 1670 certe
944 1630 1056 1684 supra
1074 1630 1174 1671 vires
1194 1644 1322 1680 meas,
1349 1630 1414 1669 in-

195 1690 337 1727 ta&am
365 1688 421 1727 ita
442 1688 591 1738 dimisi,
621 1701 665 1726 ut
686 1703 753 1742 per
784 1687 845 1726 sex
869 1702 993 1726 anno-s
1015 1686 1065 1726 de
1086 1687 1155 1725 illa
1180 1701 1230 1725 ne
1251 1685 1413 1741 quidem

193 1743 436 1784 somniarim.
486 1747 620 1798 Atque
647 1758 689 1783 ut
711 1759 849 1784 verum
873 1743 1020 1794 fatear,
1045 1757 1120 1798 ego
1148 1756 1242 1782 tunc
1265 1758 1413 1783 annum

193 1816 314 1854 agens
336 1801 568 1855 vigesimum
592 1801 798 1855 septimum
814 1835 823 1851 ‚
845 1800 993 1840 etiamfi
1015 1800 1208 1840 continuo
1227 1799 1413 1840 decennii

194 1859 363 1898 anteaffi
382 1858 571 1898 exercitio
586 1892 596 1908 ‚
617 1856 803 1897 discendo
816 1891 826 1908 ,
845 1857 1107 1911 docendoque
1120 1890 1131 1906 ,
1152 1869 1269 1910 atque
1293 1871 1414 1910 agen-

193 1914 246 1954 do
270 1914 313 1953 in
338 1916 450 1955 rebus
473 1915 797 1964 Mathematicis‚
820 1915 860 1954 in
882 1915 1017 1969 primis
1039 1914 1135 1954 vero
1162 1913 1204 1952 in
1230 1913 1415 1966 Analyti-

193 1972 271 2021 cis,
289 1971 427 2024 quibus
452 1972 669 2012 etiamnum
692 1970 864 2011 maxime
885 1971 1079 2021 deleemr,
1101 1985 1182 2010 non
1199 1969 1413 2009 mediocri-

194 2041 254 2068 ter
278 2025 550 2082 profecissem,
569 2041 702 2067 tamen
723 2043 852 2092 neque
873 2043 961 2068 eum
978 2027 1106 2068 adhuc
1120 2027 1299 2065 habitum
1312 2026 1412 2065 mihi

192 2099 551 2138 comparaveram,
581 2099 709 2138 neque
739 2101 801 2131 eas
836 2086 990 2141 ingenii
1019 2084 1121 2126 vires
1143 2082 1411 2137 susceperam,

238 2150 322 2189 Rec.
333 2142 414 2184 del’
419 2143 536 2183 Acad.
549 2151 584 2184 T
583 2156 658 2182 ome
671 2150 732 2182 VI.
1167 2139 1274 2180 Kkk
