1915 2663
301 163 378 203 DE
410 161 865 201 Rscocmnom
900 158 1429 208 AEQUAronUM.12.9

201 231 281 270 CA
297 241 324 270 2.
372 226 522 268 Eadem
541 225 697 265 ratione
713 223 807 278 quia
820 225 848 262 B
861 235 878 262 P
901 231 941 265 δε
953 227 990 262 Α
1005 235 1018 251 2
1032 226 1196 278 aequalia
1209 216 1430 266 sub‘codem

204 287 316 341 signo
334 318 344 335 ‚
364 283 429 323 sed
446 281 607 323 diversae
634 294 782 321 naturae
805 279 1004 320 ducuntur
1034 280 1234 335 sigillatim
1266 283 1308 322 in
1332 286 1370 322 A
1389 290 1431 324 δε

203 341 570 398 producunt—BP
585 340 785 387 A-—A³,
810 350 925 376 erunt
948 337 1031 376 haec
1052 336 1243 392 produffi'ca
1265 339 1432 393 aequalia

204 407 245 441 δι
268 398 335 437 sub
351 396 493 437 eodem
514 396 623 451 figno
638 429 649 446 ‚
669 394 734 434 sed
754 393 916 434 diversae
939 407 1110 439 naturae3
1135 394 1216 449 ipsa
1241 409 1336 450 ergo
1359 397 1433 436 tol-

203 457 289 495 lent
319 454 357 494 se
394 454 568 494 invicem
585 486 595 503 ‚
622 450 728 491 unde
750 465 836 491 tota
859 451 1027 504 aequatio
1052 451 1183 490 nihilo
1207 454 1431 506 aeqiiivalet.

203 512 296 553 Nec
317 510 393 551 erit
412 510 576 551 difficile
600 508 714 548 simili
732 519 968 563 argumento
982 507 1040 545 uti
1057 508 1099 546 in
1120 507 1432 564 quibuscumque

207 568 516 623 aequationibus,
540 567 688 620 semper
713 565 820 604 enirn
844 563 1000 616 singulae
1018 561 1246 603 affeciiones
1273 564 1432 619 fingulis

206 638 323 665 erunt
347 626 536 678 aequales,
559 622 650 677 quia
676 621 771 660 fient
799 634 846 658 6)(
869 620 1079 673 aequalibus
1103 620 1145 659 in
1168 620 1336 661 eandem
1357 640 1365 662 :
1393 635 1433 661 at

205 684 272 723 vel
292 681 398 735 signa
417 693 533 720 erunt
552 677 690 717 eadem
713 685 754 719 δε
780 689 919 715 natura
950 678 1174 727 contraria,
1202 680 1265 717 vel
1293 691 1433 718 natura

206 739 286 778 erit
302 737 440 776 eadem
462 744 502 777 δε
527 735 633 789 signa
653 732 871 777 contraria;
893 732 1021 787 licque
1038 735 1182 773 tollent
1202 735 1238 773 [6
1259 735 1435 776 invicem

203 795 366 848 -fingulae
385 791 612 833 affeffiones
627 824 639 842 ‚
659 798 698 834 &
719 803 804 830 tota
824 791 994 847 aequatio
1018 791 1150 836 nihilo
1171 791 1434 846 aequivalcbit.

737 912 912 966 Qinta.

342 1023 370 1061 P
385 1036 405 1062 Ε
423 1038 451 1063 R
469 1036 505 1062 ΑΞ
541 1022 672 1062 etiam¹
685 1022 856 1077 pretium
874 1022 927 1062 est
948 1020 1044 1062 scire
1065 1032 1163 1076 quot
1185 1019 1312 1060 modis
1327 1032 1440 1060 com-

207 1021 330 1134 O
340 1079 479 1134 plicari
499 1079 640 1134 possint
665 1077 893 1119 affeffiones
919 1079 1105 1133 speciales
1123 1111 1134 1128 ‚
1164 1091 1208 1117 ut
1238 1092 1286 1117 6)(
1315 1077 1361 1116 iis
1383 1075 1440 1116 af-

210 1135 404 1176 fectiones
427 1136 665 1175 universales
676 1135 862 1174 ‘oriantur
880 1134 930 1173 ad
946 1134 1174 1173 condendas
1198 1134 1440 1188 :equationes

211 1193 395 1232 onmium
416 1192 687 1245 potentiarum
712 1190 1055 1245 quadradcarum,
1073 1190 1302 1230 cubicaturn
1315 1223 1325 1239 ,
1342 1204 1442 1244 qua-

211 1247 652 1304 dratoquadraticarurn
664 1282 675 1300 ‚
694 1247 1121 1303 quadratocubicarum
1135 1255 1211 1289 &a

271 1306 339 1346 Ad
363 1306 440 1345 hoc
461 1319 594 1346 autem
617 1304 800 1346 habenda
813 1305 987 1360 primum
1003 1306 1057 1345 est
1068 1305 1170 1344 ratio
1183 1302 1339 1344 numeri
1354 1314 1445 1355 gra-

214 1362 340 1404 duum
360 1378 408 1402 ex
433 1364 573 1417 quibus
599 1363 680 1418 ipsa
706 1363 886 1418 potentia
911 1363 1166 1418 componitur
1189 1381 1198 1402 ε
1229 1376 1321 1401 nam
1347 1371 1446 1412 quot

207 1420 346 1461 *modis
367 1421 548 1475 potentia
576 1420 658 1475 ipsa
683 1435 730 1460 6)(
754 1420 827 1460 suis
853 1419 1039 1475 gradibus
1064 1419 1177 1474 gigni
1199 1418 1447 1473 poterit,tot

211 1477 345 1519 modis
368 1478 603 1532 complicari
621 1490 810 1532 poterunt
838 1476 1067 1517 affectiones
1086 1476 1270 1531 speciales
1291 1473 1341 1514 ad
1352 1486 1446 1511 con-

214 1534 390 1575 dendarn
406 1536 685 1589 aequalitatern.
722 1535 785 1575 Sic
800 1536 900 1575 latus
919 1547 987 1589 per
1006 1535 1043 1573 [6
1060 1567 1071 1584 ,
1089 1536 1189 1573 latus
1210 1531 1366 1586 tanturn
1379 1528 1444 1567 cst.

216 1593 385 1632 Planum
401 1591 445 1630 fit
461 1594 526 1631 vel
543 1608 610 1647 per
622 1592 658 1631 [6
676 1625 687 1641 ,
700 1594 765 1631 vel
781 1606 828 1630 ex
845 1590 998 1630 duobus
1026 1590 1227 1629 lateribus.
1265 1587 1446 1628 solidum

218 1647 265 1686 fit
277 1650 341 1687 vel
354 1663 422 1701 per
440 1647 476 1686 [6
490 1681 500 1697 ,
514 1651 579 1687 vel
595 1663 643 1687 6)(
665 1650 785 1701 plano
801 1655 841 1689 &
862 1649 985 1686 latere
1000 1679 1010 1696 ‚
1027 1649 1091 1686 vel
1107 1661 1154 1684 6)(
1169 1645 1291 1684 tribus
1303 1641 1445 1683 ‘lateri-

219 1704 303 1744 bus.
337 1705 627 1757 Planoplanurn
647 1704 690 1742 fit
707 1706 770 1743 vel
786 1719 852 1758 per
873 1703 909 1742 [6
923 1737 933 1754 ‚
951 1704 1015 1742 vel
1029 1718 1076 1742 ex
1091 1700 1217 1741 solido
1232 1709 1272 1742 δε
1293 1703 1417 1740 latere
1433 1732 1446 1749 ‚

217 1762 286 1800 ‘vel
303 1775 350 1799 6)(
375 1759 526 1799 duobus
555 1761 680 1814 planis
695 1793 704 1809 ‚
722 1762 787 1800 vel
806 1775 852 1798 ex
866 1762 985 1814 plano
1001 1767 1041 1801 δε
1060 1758 1212 1798 duobus
1235 1758 1419 1797 lateribus
1433 1789 1446 1806 ,

219 1819 286 1858 vel
305 1833 351 1857 ex
368 1831 537 1872 quatuor
555 1816 754 1858 lateribus.
788 1815 1087 1856 Planosolidum
1099 1815 1142 1855 fit
1154 1816 1217 1855 vel
1232 1830 1298 1869 per
1316 1815 1372 1865 [6,
1385 1814 1448 1853 vel

222 1889 273 1914 ex
293 1876 534 1930 planoplano
551 1882 592 1916 &
616 1876 739 1914 latere
756 1907 768 1925 ,
788 1874 852 1913 vel
873 1889 921 1913 6)(
945 1872 1071 1913 solido
1095 1881 1135 1915 &t
1157 1874 1278 1928 plano
1293 1905 1302 1919 ,
1320 1874 1381 1912 vel
1401 1886 1449 1913 ex

218 1931 353 1971 solido
371 1940 410 1974 &
428 1932 580 1972 duobus
605 1931 790 1972 lateribus
805 1964 815 1982 ‚
841 1932 905 1971 vel
928 1946 975 1969 6)(
999 1931 1151 1971 duobus
1179 1930 1305 1985 planis
1327 1938 1369 1971 '&
1392 1929 1450 1968 la-

221 2002 331 2038 tere,
343 1991 409 2028 vel
427 2004 473 2028 6)(
489 1991 608 2043 plano
622 1997 662 2031 δεῖ
683 1988 807 2028 tribus
823 1988 1011 2029 lateribus
1024 2023 1035 2040 ‚
1049 1990 1113 2028 vel
1138 2002 1184 2027 ex
1202 1986 1379 2041 quinque
1391 1987 1451 2025 la-

223 2045 387 2085 teribus.
420 2045 730 2086 Solidosolidum
748 2045 793 2085 fit
812 2047 875 2086 vel
897 2060 963 2100 per
976 2045 1012 2086 [6
1030 2079 1040 2097 ,
1060 2049 1185 2087 velex
1202 2042 1450 2098 planosolido

225 2109 272 2145 ὃ(
292 2104 438 2152 latei-e,
468 2105 531 2142 vel
561 2117 609 2141 ex
634 2104 876 2157 planoplano
898 2110 938 2146 &t
956 2105 1078 2158 plano
1097 2137 1108 2156 2
1138 2104 1203 2145 vel
1233 2116 1280 2140 ex
1312 2104 1452 2157 plano-

270 2168 356 2201 Rec.
371 2161 415 2200 de
431 2160 578 2201 l’Ac'ad.
591 2169 694 2201 Tom.
709 2167 770 2201 VJ.
