1915 2663
543 136 622 178 Dr
672 134 1033 178 Tnocn'oxnr.
1330 143 1411 192 389'

176 199 302 240 medii
332 213 400 255 per
422 198 569 254 singula
592 200 743 239 minuta
766 199 915 253 prima,
935 200 999 238 vel
1021 198 1141 237 etiam
1161 196 1352 251 secunda,
1378 200 1402 239 fi

175 256 337 296 libuerit
360 275 368 297 :
391 256 495 296 unde
514 271 561 296 ex
583 254 723 295 iisdem
741 256 906 295 Tabulis
930 254 1128 294 dabuntur
1147 255 1268 294 etiam
1290 259 1403 297 reuae

176 314 255 353 RT
269 348 280 365 ‚
302 315 387 353 EX.
422 312 629 368 Quoniam
655 313 751 366 ergo
773 327 957 352 numerus
977 311 1128 351 finuum
1146 312 1333 367 utrinque
1355 313 1403 353 fi-

175 370 281 410 nitus
306 371 360 409 est
383 382 501 423 atque
523 368 808 409 determinatus
823 402 833 419 ,
856 384 902 408 ex
932 369 1078 408 summa
1096 368 1277 408 omnium
1292 371 1402 425 prio-

174 441 263 466 rum
287 426 436 466 finuum
457 427 525 467 FR
539 458 548 471 ‚
569 428 627 466 LS
641 460 651 477 ,
666 428 755 466 MT
769 459 779 476 ‚
795 434 873 468 δίε.
899 424 1079 465 dematur
1099 424 1311 466 dimidium
1333 443 1402 467 ex-

174 495 394 524 tremorum
420 484 488 524 FR
503 516 513 533 ‚
540 484 651 527 MT;
677 496 762 523 tum
783 497 828 521 cx
852 483 999 521 summa
1020 481 1373 535 posteriorum'CE
1391 518 1404 534 ‚

172 540 280 591 NV,
308 541 389 580 GX
411 575 421 591 ,
446 548 521 582 &Q
554 539 733 580 dematur
765 537 979 578 dimidium
1012 551 1280 580 extremorum
1304 542 1404 592 CE,

173 598 280 642 GX;
303 597 457 651 eritque
490 610 585 636 tunc
616 596 810 636 refiduum
833 595 1011 649 priorum
1038 594 1088 634 ad
1108 595 1302 637 residuum
1328 612 1401 652 po·

171 653 380 694 steriotum
395 687 404 705 ‚
425 668 468 694 ut
488 655 592 693 rasta
613 654 689 693 RT
704 686 714 702 ,
737 652 786 691 ad
807 653 954 691 seuam
984 654 1083 696 EX;
1113 652 1221 706 quod
1251 654 1321 693 nifi
1344 655 1405 695 ita

170 713 391 765 reperiatur
404 744 414 760 ‚
433 723 606 751 erroneae
624 721 739 748 erunt
754 708 930 748 Tabulae.
967 708 1052 747 Erit
1066 722 1199 749 tamen
1213 724 1322 750 error
1339 710 1400 751 fe-

169 767 335 819 rendus,
353 766 483 807 donec
509 763 681 806 excessus
705 778 773 805 aut
789 763 965 804 defe&us
985 766 1117 804 minor
1136 766 1211 805 erit
1228 765 1408 808 dimidio-

168 823 276 864 illius
307 825 463 863 numeri
489 823 558 878 qui
585 822 772 877 exprimit
802 820 1104 862 multitudinem
1133 823 1315 865 omnium
1350 825 1406 864 fi·-

166 893 293 921 nuum
315 880 358 921 in
379 894 549 936 utroque
576 895 671 920 arcu
689 892 998 920 contentorum.v

506 991 547 1036 C
551 984 788 1036 orollarittm
798 987 1043 1055 secundum

278 1124 281 1128 '
310 1116 347 1155 U
363 1127 388 1154 o
404 1129 430 1154 D
462 1115 488 1153 fi
514 1128 760 1168 proponatur
781 1129 892 1154 arcus
916 1114 1007 1164 PG,
1030 1113 1085 1152 ita
1100 1111 1337 1153 dividendus
1351 1115 1411 1155 in-

286 1170 405 1211 ·duos
435 1186 545 1211 arcus
568 1172 671 1222 FM,
700 1172 791 1211 MG
806 1204 816 1221 ,
844 1184 887 1210 ut
911 1168 1078 1209 demissis
1100 1169 1253 1209 smubus
1279 1171 1403 1211 seclis*

163 1226 234 1267 FR
247 1259 257 1276 ‚
273 1231 332 1268 LS
347 1262 358 1279 ,
380 1236 458 1270 &a
473 1227 813 1282 quemadmodum
830 1228 941 1281 supra
955 1261 965 1277 ,
982 1227 1130 1270 summa
1148 1227 1330 1266 omnium
1346 1227 1395 1266 fi-

163 1296 288 1323 nuum
307 1284 517 1324 indefinite
540 1285 784 1340 sumptorum
806 1284 875 1338 qui
895 1283 945 1322 ad
966 1298 1101 1324 arcum
1123 1284 1202 1323 ΡΜ
1216 1284 1401 1338 pertine*

163 1339 283 1393 bunt,
301 1341 351 1382 ad
372 1342 567 1382 summam
581 1342 761 1382 omnium
776 1341 844 1395 qui
866 1339 917 1380 ad
940 1355 1076 1380 arcum
1101 1341 1192 1380 MG
1215 1340 1392 1394 pertine-

162 1396 284 1449 bunt,
308 1399 505 1440 rationem
532 1399 704 1439 habeant
741 1396 875 1438 datam
899 1418 907 1442 ς
939 1396 1156 1438 dividenda
1183 1397 1259 1436 erit
1288 1399 1393 1437 reeta

163 1455 304 1495 RXin
317 1457 473 1497 ratione
492 1455 584 1496 data
597 1454 710 1510 ‚puta
727 1455 771 1495 in
792 1456 936 1509 punem
954 1455 1007 1505 T,
1021 1467 1140 1508 atque
1159 1454 1208 1494 ab
1218 1468 1265 1493 eo
1283 1455 1393 1494 exci2

164 1511 285 1552 tanda
307 1513 641 1568 perpendicularis
663 1513 752 1552 TM
777 1511 899 1564 usque
924 1511 974 1551 ad
1001 1509 1388 1555 circumferentiam

167 1576 208 1610 δε
231 1567 379 1610 fadum
405 1570 504 1621 erit,
523 1584 567 1611 ut
591 1582 700 1625 patet
726 1583 774 1609 ex
797 1568 991 1622 praemissa
1017 1566 1185 1607 secunda
1211 1566 1393 1622 Propofi-

164 1637 287 1668 tione.

220 1685 304 1725 Hic
324 1685 449 1726 multa
471 1684 721 1724 theoremata
743 1691 784 1726 δε
807 1682 1051 1737 problemata
1074 1680 1268 1736 praemiffis
1286 1681 1392 1722 fimi-

161 1739 225 1780 lia²
242 1742 413 1796 proponi
436 1740 612 1795 poffent,
636 1756 722 1795 quae
735 1774 745 1791 ,
761 1740 854 1795 quia
876 1738 1013 1778 facilia
1033 1737 1121 1777 sunt
1141 1737 1324 1792 nihilque
1341 1738 1403 1779 ad*

163 1798 338 1840 nostrum
359 1798 584 1839 institutum
601 1794 1060 1849 conducunt„consultb
1083 1794 1314 1835 omittimus.

432 1885 499 1925 Ad
508 1886 678 1941 'primum
688 1917 699 1935 ,
714 1886 880 1940 fiquens
899 1881 1120 1923 notandum.

198 1970 268 2021 gN
299 1968 424 2024 figura
442 1982 537 2010 rotae
558 1982 676 2024 atque
703 1968 925 2010 trochoidis
949 1965 1169 2022 sequentis,
1194 1977 1238 2005 ut
1259 1977 1404 2020 pateat·-

161 1967 429 2084 I-Xtrilineum
451 2027 631 2066 AMHG
654 2028 802 2081 aequale
825 2024 900 2066 esse
923 2023 1117 2080 quadrato
1140 2022 1411 2063 semidiamea-

162 2085 217 2126 tri
241 2097 338 2126 rotae
363 2084 444 2126 AG
460 2118 471 2136 ,
507 2081 669 2126 adverte
688 2085 846 2144 *rectam
871 2084 956 2126 GH
980 2079 1411 2177 quagantifirwmr

1105 2151 1165 2177 vee
1189 2150 1232 2191 ιι]
