<?xml version="1.0" encoding="UTF-8"?>
<!DOCTYPE html PUBLIC "-//W3C//DTD XHTML 1.0 Transitional//EN"
    "http://www.w3.org/TR/xhtml1/DTD/xhtml1-transitional.dtd">
<html xmlns="http://www.w3.org/1999/xhtml" xml:lang="en" lang="en">
 <head>
  <title>
</title>
<meta http-equiv="Content-Type" content="text/html;charset=utf-8" />
  <meta name='ocr-system' content='tesseract 3.04.00' />
  <meta name='ocr-capabilities' content='ocr_page ocr_carea ocr_par ocr_line ocrx_word'/>
</head>
<body>
  <div class='ocr_page' id='page_1' title='image "./diversouvrages00robe_0436.png"; bbox 0 0 1915 2663; ppageno 0'>
   <div class='ocr_carea' id='block_1_1' title="bbox 463 165 1733 1849">
    <p class='ocr_par' dir='ltr' id='par_1_1' title="bbox 1084 165 1170 201">
     <span class='ocr_line' id='line_1_1' title="bbox 1084 165 1170 201; baseline 0 0"><span class='ocrx_word' id='word_1_1' title='bbox 1084 165 1139 201; x_wconf 64' lang='lat'>1¹45</span> <span class='ocrx_word' id='word_1_2' title='bbox 1151 167 1170 192; x_wconf 70' lang='lat'>¹«</span> 
     </span>
    </p>

    <p class='ocr_par' dir='ltr' id='par_1_2' title="bbox 463 214 1733 1849">
     <span class='ocr_line' id='line_1_2' title="bbox 524 214 1731 270; baseline 0.002 -17"><span class='ocrx_word' id='word_1_3' title='bbox 524 222 619 270; x_wconf 69' lang='lat' dir='ltr'>4Y,</span> <span class='ocrx_word' id='word_1_4' title='bbox 640 224 713 257; x_wconf 56' lang='lat' dir='ltr'>&amp;a</span> <span class='ocrx_word' id='word_1_5' title='bbox 745 214 894 268; x_wconf 82' lang='lat' dir='ltr'>fintque</span> <span class='ocrx_word' id='word_1_6' title='bbox 914 214 1092 268; x_wconf 75' lang='lat' dir='ltr'>inscripti</span> <span class='ocrx_word' id='word_1_7' title='bbox 1119 214 1137 256; x_wconf 80' lang='lat'>8</span> <span class='ocrx_word' id='word_1_8' title='bbox 1157 231 1199 255; x_wconf 76' lang='lat'>21</span> <span class='ocrx_word' id='word_1_9' title='bbox 1218 248 1229 265; x_wconf 83' lang='lat'>‚</span> <span class='ocrx_word' id='word_1_10' title='bbox 1263 233 1278 269; x_wconf 94' lang='lat'>5</span> <span class='ocrx_word' id='word_1_11' title='bbox 1299 231 1343 256; x_wconf 92' lang='lat'>10</span> <span class='ocrx_word' id='word_1_12' title='bbox 1357 248 1367 265; x_wconf 91' lang='lat'>,</span> <span class='ocrx_word' id='word_1_13' title='bbox 1401 216 1435 256; x_wconf 87' lang='lat' dir='ltr'>Z</span> <span class='ocrx_word' id='word_1_14' title='bbox 1457 231 1527 268; x_wconf 86' lang='lat'>14,</span> <span class='ocrx_word' id='word_1_15' title='bbox 1552 225 1628 260; x_wconf 62' lang='grc' dir='ltr'>δίε,</span> <span class='ocrx_word' id='word_1_16' title='bbox 1652 220 1731 260; x_wconf 72' lang='lat' dir='ltr'>cir..</span> 
     </span>
     <span class='ocr_line' id='line_1_3' title="bbox 473 270 1732 330; baseline 0.003 -18"><span class='ocrx_word' id='word_1_17' title='bbox 473 292 475 294; x_wconf 89' lang='lat'>·</span> <span class='ocrx_word' id='word_1_18' title='bbox 514 270 745 326; x_wconf 82' lang='lat' dir='ltr'>cumscripti</span> <span class='ocrx_word' id='word_1_19' title='bbox 782 286 875 310; x_wconf 85' lang='lat' dir='ltr'>vero</span> <span class='ocrx_word' id='word_1_20' title='bbox 908 271 934 309; x_wconf 90' lang='lat' dir='ltr'>F</span> <span class='ocrx_word' id='word_1_21' title='bbox 954 286 997 311; x_wconf 88' lang='lat'>11</span> <span class='ocrx_word' id='word_1_22' title='bbox 1015 303 1025 321; x_wconf 85' lang='lat'>‚</span> <span class='ocrx_word' id='word_1_23' title='bbox 1050 280 1160 323; x_wconf 85' lang='lat'>615,</span> <span class='ocrx_word' id='word_1_24' title='bbox 1192 287 1207 323; x_wconf 81' lang='lat'><em>3</em></span> <span class='ocrx_word' id='word_1_25' title='bbox 1237 287 1285 324; x_wconf 92' lang='lat'>17</span> <span class='ocrx_word' id='word_1_26' title='bbox 1306 305 1316 322; x_wconf 91' lang='lat'>,</span> <span class='ocrx_word' id='word_1_27' title='bbox 1349 279 1427 313; x_wconf 71' lang='grc' dir='ltr'>δίε.</span> <span class='ocrx_word' id='word_1_28' title='bbox 1456 274 1608 314; x_wconf 85' lang='lat' dir='ltr'>constat</span> <span class='ocrx_word' id='word_1_29' title='bbox 1637 291 1732 330; x_wconf 84' lang='lat' dir='ltr'>ergo</span> 
     </span>
     <span class='ocr_line' id='line_1_4' title="bbox 463 326 1730 387; baseline 0.002 -18"><span class='ocrx_word' id='word_1_30' title='bbox 463 357 465 359; x_wconf 95' lang='lat'>-</span> <span class='ocrx_word' id='word_1_31' title='bbox 519 343 655 369; x_wconf 87' lang='lat' dir='ltr'>omnes</span> <span class='ocrx_word' id='word_1_32' title='bbox 687 326 1002 380; x_wconf 85' lang='lat' dir='ltr'>circumscriptos</span> <span class='ocrx_word' id='word_1_33' title='bbox 1038 327 1147 366; x_wconf 77' lang='lat' dir='ltr'>simul</span> <span class='ocrx_word' id='word_1_34' title='bbox 1188 327 1366 381; x_wconf 83' lang='lat' dir='ltr'>superare</span> <span class='ocrx_word' id='word_1_35' title='bbox 1398 344 1532 370; x_wconf 88' lang='lat' dir='ltr'>omnes</span> <span class='ocrx_word' id='word_1_36' title='bbox 1566 331 1730 387; x_wconf 78' lang='lat' dir='ltr'>inscrip-</span> 
     </span>
     <span class='ocr_line' id='line_1_5' title="bbox 520 381 1732 437; baseline 0.004 -13"><span class='ocrx_word' id='word_1_37' title='bbox 520 398 577 425; x_wconf 80' lang='lat' dir='ltr'>tos</span> <span class='ocrx_word' id='word_1_38' title='bbox 605 385 736 433; x_wconf 77' lang='lat' dir='ltr'>simul,</span> <span class='ocrx_word' id='word_1_39' title='bbox 768 382 914 422; x_wconf 86' lang='lat' dir='ltr'>minori</span> <span class='ocrx_word' id='word_1_40' title='bbox 938 381 1061 437; x_wconf 86' lang='lat' dir='ltr'>spatio</span> <span class='ocrx_word' id='word_1_41' title='bbox 1082 382 1199 435; x_wconf 67' lang='lat' dir='ltr'>quam</span> <span class='ocrx_word' id='word_1_42' title='bbox 1221 384 1400 437; x_wconf 83' lang='lat' dir='ltr'>cylindro</span> <span class='ocrx_word' id='word_1_43' title='bbox 1431 386 1648 427; x_wconf 79' lang='lat' dir='ltr'>altitudinis</span> <span class='ocrx_word' id='word_1_44' title='bbox 1674 391 1732 429; x_wconf 85' lang='lat' dir='ltr'>K-</span> 
     </span>
     <span class='ocr_line' id='line_1_6' title="bbox 520 438 1731 498; baseline 0.003 -17"><span class='ocrx_word' id='word_1_45' title='bbox 520 444 555 481; x_wconf 86' lang='lat' dir='ltr'><strong>A</strong></span> <span class='ocrx_word' id='word_1_46' title='bbox 572 474 582 492; x_wconf 85' lang='grc'>,</span> <span class='ocrx_word' id='word_1_47' title='bbox 605 448 644 482; x_wconf 70' lang='grc' dir='ltr'>δε</span> <span class='ocrx_word' id='word_1_48' title='bbox 662 440 755 480; x_wconf 80' lang='lat' dir='ltr'>basis</span> <span class='ocrx_word' id='word_1_49' title='bbox 778 439 960 483; x_wconf 75' lang='lat' dir='ltr'>FG3hoc</span> <span class='ocrx_word' id='word_1_50' title='bbox 981 439 1034 479; x_wconf 89' lang='lat' dir='ltr'>est</span> <span class='ocrx_word' id='word_1_51' title='bbox 1045 438 1193 478; x_wconf 82' lang='lat' dir='ltr'>minori</span> <span class='ocrx_word' id='word_1_52' title='bbox 1210 438 1333 492; x_wconf 90' lang='lat' dir='ltr'>spatio</span> <span class='ocrx_word' id='word_1_53' title='bbox 1357 442 1494 493; x_wconf 85' lang='lat' dir='ltr'>quovis</span> <span class='ocrx_word' id='word_1_54' title='bbox 1518 445 1731 498; x_wconf 76' lang='lat' dir='ltr'>proposito.</span> 
     </span>
     <span class='ocr_line' id='line_1_7' title="bbox 519 494 1733 551; baseline 0.003 -14"><span class='ocrx_word' id='word_1_55' title='bbox 519 498 711 544; x_wconf 70' lang='lat' dir='ltr'>Praeterea</span> <span class='ocrx_word' id='word_1_56' title='bbox 738 495 937 550; x_wconf 81' lang='lat' dir='ltr'>cylindrus</span> <span class='ocrx_word' id='word_1_57' title='bbox 961 494 1055 535; x_wconf 84' lang='lat' dir='ltr'>bafis</span> <span class='ocrx_word' id='word_1_58' title='bbox 1087 498 1186 546; x_wconf 81' lang='lat' dir='ltr'>SV,</span> <span class='ocrx_word' id='word_1_59' title='bbox 1216 503 1257 537; x_wconf 72' lang='grc' dir='ltr'>δε</span> <span class='ocrx_word' id='word_1_60' title='bbox 1287 496 1505 537; x_wconf 82' lang='lat' dir='ltr'>altitudinis</span> <span class='ocrx_word' id='word_1_61' title='bbox 1531 503 1566 539; x_wconf 90' lang='lat' dir='ltr'>A</span> <span class='ocrx_word' id='word_1_62' title='bbox 1582 502 1647 551; x_wconf 84' lang='lat' dir='ltr'>H,</span> <span class='ocrx_word' id='word_1_63' title='bbox 1679 503 1733 541; x_wconf 89' lang='lat' dir='ltr'>est</span> 
     </span>
     <span class='ocr_line' id='line_1_8' title="bbox 518 551 1731 608; baseline 0.002 -14"><span class='ocrx_word' id='word_1_64' title='bbox 518 553 668 594; x_wconf 81' lang='lat' dir='ltr'>medius</span> <span class='ocrx_word' id='word_1_65' title='bbox 701 552 979 608; x_wconf 79' lang='lat' dir='ltr'>proportinalis</span> <span class='ocrx_word' id='word_1_66' title='bbox 1010 551 1112 592; x_wconf 84' lang='lat' dir='ltr'>inter</span> <span class='ocrx_word' id='word_1_67' title='bbox 1138 551 1337 605; x_wconf 84' lang='lat' dir='ltr'>cylindros</span> <span class='ocrx_word' id='word_1_68' title='bbox 1361 552 1530 603; x_wconf 86' lang='lat' dir='ltr'>ejusdem</span> <span class='ocrx_word' id='word_1_69' title='bbox 1552 557 1731 597; x_wconf 84' lang='lat' dir='ltr'>altitudi-</span> 
     </span>
     <span class='ocr_line' id='line_1_9' title="bbox 517 607 1730 668; baseline 0.002 -18"><span class='ocrx_word' id='word_1_70' title='bbox 517 611 576 650; x_wconf 86' lang='lat' dir='ltr'>nis</span> <span class='ocrx_word' id='word_1_71' title='bbox 590 645 599 661; x_wconf 86' lang='lat'>‚</span> <span class='ocrx_word' id='word_1_72' title='bbox 621 611 686 652; x_wconf 87' lang='lat' dir='ltr'>scd</span> <span class='ocrx_word' id='word_1_73' title='bbox 706 610 852 650; x_wconf 79' lang='lat' dir='ltr'>basium</span> <span class='ocrx_word' id='word_1_74' title='bbox 865 611 963 659; x_wconf 83' lang='lat' dir='ltr'>DE,</span> <span class='ocrx_word' id='word_1_75' title='bbox 979 610 1060 648; x_wconf 86' lang='lat' dir='ltr'>FG.</span> <span class='ocrx_word' id='word_1_76' title='bbox 1095 607 1311 648; x_wconf 86' lang='lat' dir='ltr'>Dividatur</span> <span class='ocrx_word' id='word_1_77' title='bbox 1326 609 1405 663; x_wconf 90' lang='lat' dir='ltr'>ipse</span> <span class='ocrx_word' id='word_1_78' title='bbox 1426 610 1577 651; x_wconf 87' lang='lat' dir='ltr'>medius</span> <span class='ocrx_word' id='word_1_79' title='bbox 1600 613 1642 651; x_wconf 87' lang='lat' dir='ltr'>in</span> <span class='ocrx_word' id='word_1_80' title='bbox 1663 629 1730 668; x_wconf 86' lang='lat' dir='ltr'>cy-</span> 
     </span>
     <span class='ocr_line' id='line_1_10' title="bbox 517 664 1730 722; baseline 0.002 -17"><span class='ocrx_word' id='word_1_81' title='bbox 517 667 668 707; x_wconf 87' lang='lat' dir='ltr'>lindros</span> <span class='ocrx_word' id='word_1_82' title='bbox 699 665 870 717; x_wconf 82' lang='lat' dir='ltr'>ejusdem</span> <span class='ocrx_word' id='word_1_83' title='bbox 897 665 990 705; x_wconf 85' lang='lat' dir='ltr'>bafis</span> <span class='ocrx_word' id='word_1_84' title='bbox 1024 668 1118 709; x_wconf 82' lang='lat' dir='ltr'>SV;</span> <span class='ocrx_word' id='word_1_85' title='bbox 1154 664 1219 704; x_wconf 88' lang='lat' dir='ltr'>sed</span> <span class='ocrx_word' id='word_1_86' title='bbox 1241 665 1497 706; x_wconf 84' lang='lat' dir='ltr'>altitudinum</span> <span class='ocrx_word' id='word_1_87' title='bbox 1527 669 1626 721; x_wconf 84' lang='lat' dir='ltr'>H7,</span> <span class='ocrx_word' id='word_1_88' title='bbox 1650 686 1730 722; x_wconf 68' lang='lat'>74,</span> 
     </span>
     <span class='ocr_line' id='line_1_11' title="bbox 517 720 1731 779; baseline 0.003 -17"><span class='ocrx_word' id='word_1_89' title='bbox 517 740 543 775; x_wconf 81' lang='lat'><strong>4</strong></span> <span class='ocrx_word' id='word_1_90' title='bbox 557 727 616 774; x_wconf 79' lang='lat' dir='ltr'>Y,</span> <span class='ocrx_word' id='word_1_91' title='bbox 640 725 718 764; x_wconf 93' lang='lat' dir='ltr'>YT</span> <span class='ocrx_word' id='word_1_92' title='bbox 732 756 743 771; x_wconf 86' lang='lat'>,</span> <span class='ocrx_word' id='word_1_93' title='bbox 767 730 841 765; x_wconf 68' lang='grc' dir='ltr'>δίε.</span> <span class='ocrx_word' id='word_1_94' title='bbox 868 722 986 776; x_wconf 88' lang='lat' dir='ltr'>usque</span> <span class='ocrx_word' id='word_1_95' title='bbox 1013 720 1061 761; x_wconf 91' lang='lat' dir='ltr'>ad</span> <span class='ocrx_word' id='word_1_96' title='bbox 1085 721 1269 762; x_wconf 86' lang='lat' dir='ltr'>ultimum</span> <span class='ocrx_word' id='word_1_97' title='bbox 1300 722 1520 763; x_wconf 81' lang='lat' dir='ltr'>altitudinis</span> <span class='ocrx_word' id='word_1_98' title='bbox 1541 727 1618 764; x_wconf 92' lang='lat' dir='ltr'>AK</span> <span class='ocrx_word' id='word_1_99' title='bbox 1632 758 1643 775; x_wconf 79' lang='grc'>,</span> <span class='ocrx_word' id='word_1_100' title='bbox 1662 727 1731 779; x_wconf 85' lang='lat' dir='ltr'>qui</span> 
     </span>
     <span class='ocr_line' id='line_1_12' title="bbox 515 777 1730 833; baseline 0.003 -15"><span class='ocrx_word' id='word_1_101' title='bbox 515 781 675 820; x_wconf 83' lang='lat' dir='ltr'>ultimus</span> <span class='ocrx_word' id='word_1_102' title='bbox 696 780 819 829; x_wconf 75' lang='lat' dir='ltr'>major</span> <span class='ocrx_word' id='word_1_103' title='bbox 852 778 1013 833; x_wconf 89' lang='lat' dir='ltr'>quidem</span> <span class='ocrx_word' id='word_1_104' title='bbox 1045 777 1098 817; x_wconf 89' lang='lat' dir='ltr'>est</span> <span class='ocrx_word' id='word_1_105' title='bbox 1126 778 1255 832; x_wconf 88' lang='lat' dir='ltr'>primo</span> <span class='ocrx_word' id='word_1_106' title='bbox 1290 779 1478 833; x_wconf 84' lang='lat' dir='ltr'>inscripto</span> <span class='ocrx_word' id='word_1_107' title='bbox 1513 784 1533 821; x_wconf 77' lang='lat'>8</span> <span class='ocrx_word' id='word_1_108' title='bbox 1560 797 1632 831; x_wconf 81' lang='lat'>21,</span> <span class='ocrx_word' id='word_1_109' title='bbox 1665 782 1730 822; x_wconf 90' lang='lat' dir='ltr'>sed</span> 
     </span>
     <span class='ocr_line' id='line_1_13' title="bbox 514 834 1729 893; baseline -0.002 -17"><span class='ocrx_word' id='word_1_110' title='bbox 514 836 645 876; x_wconf 82' lang='lat' dir='ltr'>minor</span> <span class='ocrx_word' id='word_1_111' title='bbox 666 835 962 889; x_wconf 89' lang='lat' dir='ltr'>circumscripto</span> <span class='ocrx_word' id='word_1_112' title='bbox 976 836 1003 874; x_wconf 88' lang='lat' dir='ltr'>F</span> <span class='ocrx_word' id='word_1_113' title='bbox 1017 868 1027 885; x_wconf 87' lang='lat'>‚</span> <span class='ocrx_word' id='word_1_114' title='bbox 1048 851 1062 876; x_wconf 92' lang='lat'>1</span> <span class='ocrx_word' id='word_1_115' title='bbox 1076 850 1090 875; x_wconf 89' lang='lat'>1</span> <span class='ocrx_word' id='word_1_116' title='bbox 1107 867 1120 884; x_wconf 92' lang='lat'>,</span> <span class='ocrx_word' id='word_1_117' title='bbox 1132 834 1239 888; x_wconf 89' lang='lat' dir='ltr'>quod</span> <span class='ocrx_word' id='word_1_118' title='bbox 1255 835 1302 874; x_wconf 86' lang='lat' dir='ltr'>fic</span> <span class='ocrx_word' id='word_1_119' title='bbox 1324 835 1577 883; x_wconf 88' lang='lat' dir='ltr'>ostendimus.</span> <span class='ocrx_word' id='word_1_120' title='bbox 1611 840 1729 893; x_wconf 76' lang='lat' dir='ltr'>Quo..</span> 
     </span>
     <span class='ocr_line' id='line_1_14' title="bbox 515 890 1728 943; baseline 0.002 -12"><span class='ocrx_word' id='word_1_121' title='bbox 515 893 624 931; x_wconf 87' lang='lat' dir='ltr'>niam</span> <span class='ocrx_word' id='word_1_122' title='bbox 643 894 746 931; x_wconf 54' lang='lat' dir='ltr'>recht</span> <span class='ocrx_word' id='word_1_123' title='bbox 771 892 834 930; x_wconf 85' lang='lat' dir='ltr'>ST</span> <span class='ocrx_word' id='word_1_124' title='bbox 857 890 987 929; x_wconf 89' lang='lat' dir='ltr'>media</span> <span class='ocrx_word' id='word_1_125' title='bbox 1018 891 1325 943; x_wconf 86' lang='lat' dir='ltr'>proportionalis</span> <span class='ocrx_word' id='word_1_126' title='bbox 1348 892 1400 930; x_wconf 89' lang='lat' dir='ltr'>est</span> <span class='ocrx_word' id='word_1_127' title='bbox 1437 892 1538 931; x_wconf 85' lang='lat' dir='ltr'>inter</span> <span class='ocrx_word' id='word_1_128' title='bbox 1567 896 1658 933; x_wconf 91' lang='lat' dir='ltr'>DA</span> <span class='ocrx_word' id='word_1_129' title='bbox 1687 904 1728 937; x_wconf 66' lang='grc' dir='ltr'>ὅς</span> 
     </span>
     <span class='ocr_line' id='line_1_15' title="bbox 515 946 1729 999; baseline 0.003 -11"><span class='ocrx_word' id='word_1_130' title='bbox 515 949 543 988; x_wconf 88' lang='lat' dir='ltr'>F</span> <span class='ocrx_word' id='word_1_131' title='bbox 558 949 624 999; x_wconf 86' lang='lat' dir='ltr'>H,</span> <span class='ocrx_word' id='word_1_132' title='bbox 655 948 780 999; x_wconf 84' lang='lat' dir='ltr'>major</span> <span class='ocrx_word' id='word_1_133' title='bbox 805 946 881 985; x_wconf 87' lang='lat' dir='ltr'>erit</span> <span class='ocrx_word' id='word_1_134' title='bbox 904 946 1006 986; x_wconf 81' lang='lat' dir='ltr'>ratio</span> <span class='ocrx_word' id='word_1_135' title='bbox 1033 946 1173 985; x_wconf 87' lang='lat' dir='ltr'>circuli</span> <span class='ocrx_word' id='word_1_136' title='bbox 1205 946 1325 986; x_wconf 87' lang='lat' dir='ltr'>medii</span> <span class='ocrx_word' id='word_1_137' title='bbox 1363 950 1436 988; x_wconf 97' lang='lat' dir='ltr'>SV</span> <span class='ocrx_word' id='word_1_138' title='bbox 1464 948 1512 987; x_wconf 86' lang='lat' dir='ltr'>ad</span> <span class='ocrx_word' id='word_1_139' title='bbox 1536 949 1729 992; x_wconf 64' lang='lat' dir='ltr'>circulum</span> 
     </span>
     <span class='ocr_line' id='line_1_16' title="bbox 518 1002 1729 1058; baseline 0.001 -13"><span class='ocrx_word' id='word_1_140' title='bbox 518 1014 540 1046; x_wconf 81' lang='lat'><strong>6</strong></span> <span class='ocrx_word' id='word_1_141' title='bbox 558 1010 577 1045; x_wconf 74' lang='lat'>8</span> <span class='ocrx_word' id='word_1_142' title='bbox 593 1038 602 1054; x_wconf 87' lang='lat'>,</span> <span class='ocrx_word' id='word_1_143' title='bbox 625 1004 741 1058; x_wconf 68' lang='lat' dir='ltr'>quam</span> <span class='ocrx_word' id='word_1_144' title='bbox 764 1005 875 1042; x_wconf 61' lang='lat' dir='ltr'>reetae</span> <span class='ocrx_word' id='word_1_145' title='bbox 898 1004 980 1042; x_wconf 90' lang='lat' dir='ltr'>DA</span> <span class='ocrx_word' id='word_1_146' title='bbox 1003 1002 1052 1042; x_wconf 86' lang='lat' dir='ltr'>ad</span> <span class='ocrx_word' id='word_1_147' title='bbox 1074 1004 1218 1042; x_wconf 63' lang='lat' dir='ltr'>reetam</span> <span class='ocrx_word' id='word_1_148' title='bbox 1241 1012 1299 1055; x_wconf 87' lang='lat'>67</span> <span class='ocrx_word' id='word_1_149' title='bbox 1324 1021 1332 1042; x_wconf 90' lang='lat'><strong>:</strong></span> <span class='ocrx_word' id='word_1_150' title='bbox 1359 1016 1398 1042; x_wconf 85' lang='lat' dir='ltr'>at</span> <span class='ocrx_word' id='word_1_151' title='bbox 1423 1003 1530 1043; x_wconf 89' lang='lat' dir='ltr'>idem</span> <span class='ocrx_word' id='word_1_152' title='bbox 1560 1005 1729 1047; x_wconf 85' lang='lat' dir='ltr'>circulus</span> 
     </span>
     <span class='ocr_line' id='line_1_17' title="bbox 513 1059 1728 1108; baseline 0.001 -7"><span class='ocrx_word' id='word_1_153' title='bbox 513 1061 663 1101; x_wconf 87' lang='lat' dir='ltr'>medius</span> <span class='ocrx_word' id='word_1_154' title='bbox 687 1063 757 1101; x_wconf 91' lang='lat' dir='ltr'>SV</span> <span class='ocrx_word' id='word_1_155' title='bbox 774 1093 784 1108; x_wconf 85' lang='lat'>‚</span> <span class='ocrx_word' id='word_1_156' title='bbox 812 1059 860 1098; x_wconf 88' lang='lat' dir='ltr'>ad</span> <span class='ocrx_word' id='word_1_157' title='bbox 879 1059 1069 1098; x_wconf 86' lang='lat' dir='ltr'>circulum</span> <span class='ocrx_word' id='word_1_158' title='bbox 1092 1060 1118 1097; x_wconf 89' lang='lat' dir='ltr'>F</span> <span class='ocrx_word' id='word_1_159' title='bbox 1133 1061 1169 1101; x_wconf 85' lang='lat' dir='ltr'>G</span> <span class='ocrx_word' id='word_1_160' title='bbox 1191 1059 1386 1098; x_wconf 83' lang='lat' dir='ltr'>minorem</span> <span class='ocrx_word' id='word_1_161' title='bbox 1415 1059 1577 1099; x_wconf 83' lang='lat' dir='ltr'>habebit</span> <span class='ocrx_word' id='word_1_162' title='bbox 1603 1063 1728 1102; x_wconf 84' lang='lat' dir='ltr'>ratio-</span> 
     </span>
     <span class='ocr_line' id='line_1_18' title="bbox 512 1115 1726 1172; baseline 0 -14"><span class='ocrx_word' id='word_1_163' title='bbox 512 1133 603 1158; x_wconf 84' lang='lat' dir='ltr'>nem</span> <span class='ocrx_word' id='word_1_164' title='bbox 624 1117 746 1172; x_wconf 68' lang='lat' dir='ltr'>quam·</span> <span class='ocrx_word' id='word_1_165' title='bbox 757 1115 896 1156; x_wconf 84' lang='lat' dir='ltr'>eadem</span> <span class='ocrx_word' id='word_1_166' title='bbox 922 1117 1026 1155; x_wconf 66' lang='lat' dir='ltr'>resta</span> <span class='ocrx_word' id='word_1_167' title='bbox 1055 1118 1137 1155; x_wconf 91' lang='lat' dir='ltr'>DA</span> <span class='ocrx_word' id='word_1_168' title='bbox 1157 1116 1207 1155; x_wconf 85' lang='lat' dir='ltr'>ad</span> <span class='ocrx_word' id='word_1_169' title='bbox 1229 1115 1395 1155; x_wconf 91' lang='lat' dir='ltr'>eandem</span> <span class='ocrx_word' id='word_1_170' title='bbox 1419 1125 1441 1156; x_wconf 87' lang='lat'>6</span> <span class='ocrx_word' id='word_1_171' title='bbox 1461 1133 1506 1169; x_wconf 82' lang='lat'>73</span> <span class='ocrx_word' id='word_1_172' title='bbox 1531 1130 1575 1156; x_wconf 89' lang='lat' dir='ltr'>ut</span> <span class='ocrx_word' id='word_1_173' title='bbox 1596 1132 1726 1161; x_wconf 83' lang='lat' dir='ltr'>autem</span> 
     </span>
     <span class='ocr_line' id='line_1_19' title="bbox 511 1171 1726 1226; baseline 0.001 -12"><span class='ocrx_word' id='word_1_174' title='bbox 511 1176 604 1214; x_wconf 91' lang='lat' dir='ltr'>DA</span> <span class='ocrx_word' id='word_1_175' title='bbox 628 1174 677 1214; x_wconf 87' lang='lat' dir='ltr'>ad</span> <span class='ocrx_word' id='word_1_176' title='bbox 704 1182 726 1214; x_wconf 88' lang='lat'>6</span> <span class='ocrx_word' id='word_1_177' title='bbox 746 1190 794 1225; x_wconf 88' lang='lat'>7,</span> <span class='ocrx_word' id='word_1_178' title='bbox 823 1173 877 1212; x_wconf 84' lang='lat' dir='ltr'>ita</span> <span class='ocrx_word' id='word_1_179' title='bbox 898 1174 978 1225; x_wconf 90' lang='lat' dir='ltr'>H7</span> <span class='ocrx_word' id='word_1_180' title='bbox 1008 1171 1057 1212; x_wconf 84' lang='lat' dir='ltr'>ad</span> <span class='ocrx_word' id='word_1_181' title='bbox 1088 1175 1124 1211; x_wconf 88' lang='lat' dir='ltr'><strong>A</strong></span> <span class='ocrx_word' id='word_1_182' title='bbox 1141 1174 1179 1211; x_wconf 41' lang='lat' dir='ltr'>K*</span> <span class='ocrx_word' id='word_1_183' title='bbox 1204 1191 1212 1213; x_wconf 70' lang='grc' dir='ltr'>ε</span> <span class='ocrx_word' id='word_1_184' title='bbox 1248 1187 1343 1226; x_wconf 84' lang='lat' dir='ltr'>ergo</span> <span class='ocrx_word' id='word_1_185' title='bbox 1374 1171 1542 1213; x_wconf 84' lang='lat' dir='ltr'>circulus</span> <span class='ocrx_word' id='word_1_186' title='bbox 1574 1174 1726 1216; x_wconf 87' lang='lat' dir='ltr'>medius</span> 
     </span>
     <span class='ocr_line' id='line_1_20' title="bbox 513 1228 1725 1283; baseline 0.002 -13"><span class='ocrx_word' id='word_1_187' title='bbox 513 1233 576 1271; x_wconf 90' lang='lat' dir='ltr'>SV</span> <span class='ocrx_word' id='word_1_188' title='bbox 590 1264 600 1281; x_wconf 82' lang='lat'>,</span> <span class='ocrx_word' id='word_1_189' title='bbox 628 1231 676 1270; x_wconf 89' lang='lat' dir='ltr'>ad</span> <span class='ocrx_word' id='word_1_190' title='bbox 701 1230 818 1269; x_wconf 84' lang='lat' dir='ltr'>bafim</span> <span class='ocrx_word' id='word_1_191' title='bbox 841 1228 1003 1283; x_wconf 89' lang='lat' dir='ltr'>quidem</span> <span class='ocrx_word' id='word_1_192' title='bbox 1026 1228 1205 1283; x_wconf 88' lang='lat' dir='ltr'>inscripti</span> <span class='ocrx_word' id='word_1_193' title='bbox 1223 1238 1244 1269; x_wconf 82' lang='lat'>6</span> <span class='ocrx_word' id='word_1_194' title='bbox 1262 1234 1282 1269; x_wconf 84' lang='lat'>8</span> <span class='ocrx_word' id='word_1_195' title='bbox 1295 1262 1305 1279; x_wconf 89' lang='lat'>‚</span> <span class='ocrx_word' id='word_1_196' title='bbox 1323 1230 1511 1280; x_wconf 80' lang='lat' dir='ltr'>majorem</span> <span class='ocrx_word' id='word_1_197' title='bbox 1529 1230 1648 1270; x_wconf 87' lang='lat' dir='ltr'>habet</span> <span class='ocrx_word' id='word_1_198' title='bbox 1664 1247 1725 1272; x_wconf 88' lang='lat' dir='ltr'>ra-</span> 
     </span>
     <span class='ocr_line' id='line_1_21' title="bbox 508 1285 1724 1341; baseline 0.001 -15"><span class='ocrx_word' id='word_1_199' title='bbox 508 1287 660 1326; x_wconf 81' lang='lat' dir='ltr'>tionem</span> <span class='ocrx_word' id='word_1_200' title='bbox 674 1308 682 1331; x_wconf 88' lang='lat'>;</span> <span class='ocrx_word' id='word_1_201' title='bbox 695 1287 743 1326; x_wconf 86' lang='lat' dir='ltr'>ad</span> <span class='ocrx_word' id='word_1_202' title='bbox 756 1286 874 1326; x_wconf 60' lang='lat' dir='ltr'>basma</span> <span class='ocrx_word' id='word_1_203' title='bbox 892 1301 986 1326; x_wconf 89' lang='lat' dir='ltr'>vero</span> <span class='ocrx_word' id='word_1_204' title='bbox 999 1285 1285 1339; x_wconf 81' lang='lat' dir='ltr'>circumscripti</span> <span class='ocrx_word' id='word_1_205' title='bbox 1297 1286 1367 1325; x_wconf 86' lang='lat' dir='ltr'>FG</span> <span class='ocrx_word' id='word_1_206' title='bbox 1378 1318 1389 1336; x_wconf 81' lang='lat'>‚</span> <span class='ocrx_word' id='word_1_207' title='bbox 1403 1285 1599 1326; x_wconf 83' lang='lat' dir='ltr'>minorem</span> <span class='ocrx_word' id='word_1_208' title='bbox 1609 1287 1724 1341; x_wconf 66' lang='lat' dir='ltr'>quam</span> 
     </span>
     <span class='ocr_line' id='line_1_22' title="bbox 474 1336 1724 1396; baseline 0.002 -14"><span class='ocrx_word' id='word_1_209' title='bbox 474 1336 479 1345; x_wconf 50' lang='lat'>⁸</span> <span class='ocrx_word' id='word_1_210' title='bbox 508 1343 678 1383; x_wconf 85' lang='lat' dir='ltr'>altitudo</span> <span class='ocrx_word' id='word_1_211' title='bbox 712 1343 933 1383; x_wconf 87' lang='lat' dir='ltr'>communis</span> <span class='ocrx_word' id='word_1_212' title='bbox 963 1341 1141 1395; x_wconf 87' lang='lat' dir='ltr'>inscripti</span> <span class='ocrx_word' id='word_1_213' title='bbox 1161 1374 1171 1391; x_wconf 88' lang='lat'>,</span> <span class='ocrx_word' id='word_1_214' title='bbox 1195 1349 1235 1382; x_wconf 82' lang='lat'>&amp;</span> <span class='ocrx_word' id='word_1_215' title='bbox 1265 1342 1550 1395; x_wconf 87' lang='lat' dir='ltr'>circumscripti</span> <span class='ocrx_word' id='word_1_216' title='bbox 1574 1345 1653 1396; x_wconf 89' lang='lat' dir='ltr'>H7</span> <span class='ocrx_word' id='word_1_217' title='bbox 1676 1343 1724 1384; x_wconf 89' lang='lat' dir='ltr'>ad</span> 
     </span>
     <span class='ocr_line' id='line_1_23' title="bbox 507 1396 1724 1439; baseline 0.002 -2"><span class='ocrx_word' id='word_1_218' title='bbox 507 1398 760 1439; x_wconf 83' lang='lat' dir='ltr'>altitudinem</span> <span class='ocrx_word' id='word_1_219' title='bbox 772 1397 1037 1437; x_wconf 88' lang='lat' dir='ltr'>ultimimedii</span> <span class='ocrx_word' id='word_1_220' title='bbox 1054 1399 1144 1436; x_wconf 90' lang='lat' dir='ltr'>AK.</span> <span class='ocrx_word' id='word_1_221' title='bbox 1179 1396 1328 1436; x_wconf 82' lang='lat' dir='ltr'>Eodem</span> <span class='ocrx_word' id='word_1_222' title='bbox 1347 1397 1467 1437; x_wconf 90' lang='lat' dir='ltr'>modo</span> <span class='ocrx_word' id='word_1_223' title='bbox 1480 1398 1724 1439; x_wconf 81' lang='lat' dir='ltr'>demonstra-</span> 
     </span>
     <span class='ocr_line' id='line_1_24' title="bbox 507 1453 1725 1509; baseline 0.002 -16"><span class='ocrx_word' id='word_1_224' title='bbox 507 1454 633 1495; x_wconf 83' lang='lat' dir='ltr'>bimus</span> <span class='ocrx_word' id='word_1_225' title='bbox 652 1453 876 1509; x_wconf 83' lang='lat' dir='ltr'>cylindrum</span> <span class='ocrx_word' id='word_1_226' title='bbox 901 1453 1121 1493; x_wconf 83' lang='lat' dir='ltr'>altitudinis</span> <span class='ocrx_word' id='word_1_227' title='bbox 1144 1454 1225 1492; x_wconf 91' lang='lat' dir='ltr'>NK</span> <span class='ocrx_word' id='word_1_228' title='bbox 1238 1486 1249 1503; x_wconf 83' lang='lat'>,</span> <span class='ocrx_word' id='word_1_229' title='bbox 1267 1453 1362 1493; x_wconf 88' lang='lat' dir='ltr'>bafis</span> <span class='ocrx_word' id='word_1_230' title='bbox 1375 1453 1470 1494; x_wconf 75' lang='lat' dir='ltr'>vero</span> <span class='ocrx_word' id='word_1_231' title='bbox 1484 1454 1623 1494; x_wconf 84' lang='lat' dir='ltr'>circuli</span> <span class='ocrx_word' id='word_1_232' title='bbox 1639 1471 1725 1495; x_wconf 88' lang='lat' dir='ltr'>me-</span> 
     </span>
     <span class='ocr_line' id='line_1_25' title="bbox 505 1507 1720 1564; baseline 0.002 -14"><span class='ocrx_word' id='word_1_233' title='bbox 505 1510 563 1550; x_wconf 89' lang='lat' dir='ltr'>dii</span> <span class='ocrx_word' id='word_1_234' title='bbox 585 1513 648 1551; x_wconf 92' lang='lat' dir='ltr'>SV</span> <span class='ocrx_word' id='word_1_235' title='bbox 672 1511 861 1561; x_wconf 80' lang='lat' dir='ltr'>majorem</span> <span class='ocrx_word' id='word_1_236' title='bbox 895 1509 1058 1563; x_wconf 88' lang='lat' dir='ltr'>quidem</span> <span class='ocrx_word' id='word_1_237' title='bbox 1088 1507 1163 1548; x_wconf 85' lang='lat' dir='ltr'>esse</span> <span class='ocrx_word' id='word_1_238' title='bbox 1191 1509 1360 1549; x_wconf 90' lang='lat' dir='ltr'>secundo</span> <span class='ocrx_word' id='word_1_239' title='bbox 1386 1510 1574 1564; x_wconf 83' lang='lat' dir='ltr'>inscripto</span> <span class='ocrx_word' id='word_1_240' title='bbox 1604 1528 1620 1564; x_wconf 91' lang='lat'><em>5</em></span> <span class='ocrx_word' id='word_1_241' title='bbox 1650 1528 1720 1562; x_wconf 71' lang='lat'>10,</span> 
     </span>
     <span class='ocr_line' id='line_1_26' title="bbox 506 1565 1722 1622; baseline 0.002 -17"><span class='ocrx_word' id='word_1_242' title='bbox 506 1567 702 1606; x_wconf 83' lang='lat' dir='ltr'>minorem</span> <span class='ocrx_word' id='word_1_243' title='bbox 721 1581 816 1606; x_wconf 90' lang='lat' dir='ltr'>vero</span> <span class='ocrx_word' id='word_1_244' title='bbox 838 1565 1010 1606; x_wconf 89' lang='lat' dir='ltr'>secundo</span> <span class='ocrx_word' id='word_1_245' title='bbox 1032 1566 1329 1619; x_wconf 88' lang='lat' dir='ltr'>circumscripto</span> <span class='ocrx_word' id='word_1_246' title='bbox 1367 1575 1389 1606; x_wconf 86' lang='lat'>6</span> <span class='ocrx_word' id='word_1_247' title='bbox 1421 1582 1487 1616; x_wconf 84' lang='lat'>15;</span> <span class='ocrx_word' id='word_1_248' title='bbox 1521 1580 1638 1622; x_wconf 88' lang='lat' dir='ltr'>atque</span> <span class='ocrx_word' id='word_1_249' title='bbox 1666 1569 1722 1608; x_wconf 87' lang='lat' dir='ltr'>ita</span> 
     </span>
     <span class='ocr_line' id='line_1_27' title="bbox 504 1622 1722 1677; baseline 0.004 -16"><span class='ocrx_word' id='word_1_250' title='bbox 504 1622 554 1661; x_wconf 90' lang='lat' dir='ltr'>de</span> <span class='ocrx_word' id='word_1_251' title='bbox 579 1622 739 1677; x_wconf 85' lang='lat' dir='ltr'>reliquis</span> <span class='ocrx_word' id='word_1_252' title='bbox 761 1622 901 1662; x_wconf 85' lang='lat' dir='ltr'>ordine</span> <span class='ocrx_word' id='word_1_253' title='bbox 922 1622 1093 1676; x_wconf 89' lang='lat' dir='ltr'>sumptis.</span> <span class='ocrx_word' id='word_1_254' title='bbox 1122 1623 1233 1662; x_wconf 86' lang='lat' dir='ltr'>Patet</span> <span class='ocrx_word' id='word_1_255' title='bbox 1256 1622 1377 1675; x_wconf 85' lang='lat' dir='ltr'>igitur</span> <span class='ocrx_word' id='word_1_256' title='bbox 1394 1623 1574 1674; x_wconf 82' lang='lat' dir='ltr'>tandem,</span> <span class='ocrx_word' id='word_1_257' title='bbox 1592 1630 1722 1666; x_wconf 86' lang='lat' dir='ltr'>totum</span> 
     </span>
     <span class='ocr_line' id='line_1_28' title="bbox 505 1678 1723 1733; baseline 0.002 -14"><span class='ocrx_word' id='word_1_258' title='bbox 505 1679 730 1733; x_wconf 90' lang='lat' dir='ltr'>cylindrum</span> <span class='ocrx_word' id='word_1_259' title='bbox 763 1678 937 1718; x_wconf 70' lang='lat' dir='ltr'>medium</span> <span class='ocrx_word' id='word_1_260' title='bbox 973 1678 1155 1718; x_wconf 87' lang='lat' dir='ltr'>omnibus</span> <span class='ocrx_word' id='word_1_261' title='bbox 1191 1678 1351 1733; x_wconf 87' lang='lat' dir='ltr'>quidem</span> <span class='ocrx_word' id='word_1_262' title='bbox 1379 1678 1574 1733; x_wconf 87' lang='lat' dir='ltr'>inscriptis</span> <span class='ocrx_word' id='word_1_263' title='bbox 1610 1681 1723 1722; x_wconf 85' lang='lat' dir='ltr'>fimul</span> 
     </span>
     <span class='ocr_line' id='line_1_29' title="bbox 503 1734 1719 1790; baseline 0.002 -16"><span class='ocrx_word' id='word_1_264' title='bbox 503 1736 662 1790; x_wconf 90' lang='lat' dir='ltr'>sumptis</span> <span class='ocrx_word' id='word_1_265' title='bbox 681 1735 873 1786; x_wconf 83' lang='lat' dir='ltr'>majorem</span> <span class='ocrx_word' id='word_1_266' title='bbox 886 1734 960 1775; x_wconf 85' lang='lat' dir='ltr'>effe</span> <span class='ocrx_word' id='word_1_267' title='bbox 976 1755 984 1780; x_wconf 91' lang='lat'>;</span> <span class='ocrx_word' id='word_1_268' title='bbox 1008 1735 1190 1776; x_wconf 83' lang='lat' dir='ltr'>omnibus</span> <span class='ocrx_word' id='word_1_269' title='bbox 1208 1734 1305 1776; x_wconf 73' lang='lat' dir='ltr'>vero</span> <span class='ocrx_word' id='word_1_270' title='bbox 1323 1735 1626 1789; x_wconf 78' lang='lat' dir='ltr'>circumscriptis</span> <span class='ocrx_word' id='word_1_271' title='bbox 1641 1738 1719 1777; x_wconf 48' lang='lat' dir='ltr'>mi*</span> 
     </span>
     <span class='ocr_line' id='line_1_30' title="bbox 498 1787 1605 1849; baseline 0.001 -17"><span class='ocrx_word' id='word_1_272' title='bbox 498 1787 655 1834; x_wconf 68' lang='lat' dir='ltr'>norem.</span> <span class='ocrx_word' id='word_1_273' title='bbox 699 1794 851 1836; x_wconf 68' lang='lat' dir='ltr'>Caetera</span> <span class='ocrx_word' id='word_1_274' title='bbox 872 1792 1052 1849; x_wconf 76' lang='lat' dir='ltr'>persequi</span> <span class='ocrx_word' id='word_1_275' title='bbox 1074 1791 1178 1848; x_wconf 84' lang='lat' dir='ltr'>apud</span> <span class='ocrx_word' id='word_1_276' title='bbox 1202 1807 1273 1836; x_wconf 90' lang='lat' dir='ltr'>vos</span> <span class='ocrx_word' id='word_1_277' title='bbox 1303 1791 1446 1833; x_wconf 83' lang='lat' dir='ltr'>inutile</span> <span class='ocrx_word' id='word_1_278' title='bbox 1474 1790 1605 1833; x_wconf 78' lang='lat' dir='ltr'>fuerit.</span> 
     </span>
    </p>
   </div>
   <div class='ocr_carea' id='block_1_2' title="bbox 1439 2127 1708 2171">
    <p class='ocr_par' dir='ltr' id='par_1_3' title="bbox 1439 2127 1708 2171">
     <span class='ocr_line' id='line_1_31' title="bbox 1439 2127 1708 2171; baseline -0.004 -3"><span class='ocrx_word' id='word_1_279' title='bbox 1439 2127 1708 2171; x_wconf 71' lang='lat' dir='ltr'>‹‘]‹&gt;r‹7llaritt7n⁴</span> 
     </span>
    </p>
   </div>
  </div>
 </body>
</html>
