1915 2663
167 233 223 275 tia
245 264 257 282 ,
288 232 449 273 unicam
484 232 718 286 ineptiolam
742 191 881 273 Axi-rigam
907 231 1096 272 illustrare
1121 232 1304 287 dignatus
1330 234 1385 275 fis.

157 289 328 330 ‘Gratias
350 288 522 344 primum
540 301 616 343 ago
637 288 838 330 maximas.
873 289 1034 329 Deinde
1053 302 1096 329 ut
1110 289 1301 330 desiderio
1319 304 1388 329 tuo

168 345 413 395 satifaciam‚
432 345 645 387 methodus
674 361 764 386 mea
783 347 890 386 circa
913 345 1293 386 demonstrationem
1314 347 1391 385 hu-

168 403 227 455 jus
247 402 361 442 solidi
380 401 630 443 diverfiffima
651 403 738 442 est
726 419 747 442 a
769 416 846 443 tua.
880 404 1020 442 Altera
1040 403 1202 457 quidem
1224 419 1271 443 ex
1293 403 1390 443 meis

169 458 476 515 aggreffionibus
502 474 569 514 per
597 459 819 500 doctrinam
849 458 1150 500 indivifibilium
1178 459 1388 515 procedit,

168 530 254 570 quae
279 516 305 554 fi
326 530 417 556 cum
443 516 599 557 erudito
629 519 776 557 lectore
808 517 957 571 semper
979 530 1184 571 ageretur,
1211 517 1390 571 pauciffi-

168 572 243 612 mis
265 573 393 613 verbis
414 573 591 629 expediri
611 572 735 628 posset
757 593 766 615 :
795 575 919 614 altera
946 588 1042 614 vero
1068 589 1135 628 per
1162 573 1393 629 inscriptio-

168 644 263 671 nem
285 637 326 672 δε
347 630 780 684 circumscriptionem,
808 644 920 670 more
948 632 1164 681 Veterum,
1186 646 1268 670 non
1290 629 1390 670 adeo

170 686 356 740 expedita
374 687 427 726 est
439 720 450 737 ‚
473 687 538 727 sed
561 685 686 726 facilis
704 720 714 736 ‚
731 695 771 728 &
789 684 950 725 fortaffe
965 687 1128 727 curiosa.
1161 689 1254 727 Hoc
1269 703 1391 727 unum

170 757 300 797 reperi
320 758 363 782 m
383 756 450 782 tua
471 743 684 797 scriptura,
697 742 806 797 quod
818 744 1034 783 conveniat
1045 758 1134 783 cum
1149 745 1266 794 meis,
1281 759 1389 783 nern-

170 813 220 853 pe
238 799 475 839 construetio
496 800 566 840 illa
592 814 663 853 pro
687 798 855 840 secando
877 797 1000 839 frusto
1025 799 1141 839 solidi
1162 800 1392 854 hyperboli-

171 856 212 895 ci
230 856 272 894 in
295 854 387 894 data
401 856 576 900 ratione;
593 856 948 896 demonstrationes
961 856 1058 897 vero
1075 856 1124 895 ab
1138 856 1277 896 eadem
1293 871 1391 896 con-

168 911 383 953 struffione
402 911 663 953 diffimillimae
683 926 882 953 emanant.

236 967 437 1009 Caeterfim
456 968 723 1010 evidentiores
748 969 921 1024 agnosco
945 969 1178 1024 hyperbolas
1198 970 1242 1009 in
1267 969 1396 1010 laudi-

173 1025 242 1064 bus
259 1025 398 1078 quibus
422 1040 487 1065 me
506 1040 672 1066 exornas
685 1041 827 1080 ,quam
840 1026 882 1067 in
899 1025 1298 1066 demonstrationibus
1314 1028 1399 1081 qui-

174 1081 244 1121 bus
269 1081 571 1136 hyperbolicum
591 1083 758 1123 solidum
771 1082 852 1138 ipse
864 1083 1027 1123 metiris.
1061 1083 1225 1123 Utinam
1238 1083 1313 1123 illis
1331 1084 1400 1123 ali-

175 1137 337 1192 quando
366 1137 509 1192 dignus
530 1139 652 1187 fiam,
680 1153 724 1180 ut
748 1141 791 1180 in
816 1141 986 1180 lectione
1017 1154 1181 1194 operum
1216 1153 1399 1188 tuorum,

175 1209 263 1249 quae
285 1195 522 1236 avidiffimus
547 1198 736 1251 expecto,
762 1197 831 1236 illa
863 1197 1088 1251 intelligere
1109 1198 1290 1248 valeam,
1315 1196 1402 1237 fru-

178 1250 336 1304 &usque
359 1252 531 1293 scientiae
553 1253 814 1304 suaviffimos,
836 1261 877 1296 δε
895 1253 1087 1293 divitias
1079 1254 1233 1307 ingenii
1256 1254 1401 1293 inaesti-

177 1308 342 1348 mabiles
360 1308 455 1348 inde
476 1311 666 1365 colligere
684 1311 842 1365 poffim,
863 1318 905 1352 &
925 1310 1167 1350 intellectum
1195 1325 1325 1350 meum
1339 1310 1403 1350 dia

178 1377 276 1405 tare.
299 1367 399 1404 Vale
425 1369 460 1406 V
475 1383 490 1406 1
508 1382 537 1406 R
561 1369 596 1406 C
610 1381 669 1407 LA
686 1384 715 1408 R
731 1384 744 1410 1
766 1382 781 1406 s
797 1382 812 1406 s
826 1385 839 1408 1
856 1381 890 1406 M
905 1382 926 1407 E
930 1380 1193 1421 ‚tuorumque
1207 1369 1402 1420 Operum,

178 1420 401 1462 editionem
434 1425 643 1475 accelera,
672 1424 715 1464 in
755 1422 912 1479 publica
930 1400 1203 1466 'litteratorum
1224 1438 1412 1465 omnium

181 1478 409 1520 utilitatem

278 1590 423 1621 Florentiae
443 1593 505 1622 Kal.
526 1592 629 1622 octob.
645 1598 725 1629 1643;-
