1915 2663
294 876 363 903 iside
377 873 476 902 Torrt'-

270 915 330 942 cell.
345 914 473 949 desolido

270 954 390 990 Hyperb.
411 961 475 991 pag.

265 1000 322 1029 fiij.

1074 193 1154 229 430

502 240 707 297 gravitatis
730 236 903 292 ipsorum
919 235 1132 277 solidorum
1146 270 1156 287 ‚
1174 250 1292 291 quam
1305 237 1424 276 etiam
1439 236 1721 281 demonstravi-

502 313 599 338 mus.
626 294 751 351 Qiod
774 294 800 333 fi
823 294 953 334 ambas
974 292 1122 333 duabus
1142 293 1296 334 tantum
1319 293 1719 339 demonstrationibus

500 352 740 402 ostenderit,
760 350 862 391 nihil
887 349 1005 390 video
1028 349 1201 402 quodin
1222 351 1296 390 hac
1319 351 1484 391 materia
1510 350 1722 394 defiderari

498 410 631 465 possm
656 407 720 448 sed
741 422 879 447 vereor
895 421 946 446 ne
966 405 1095 461 pofitis
1123 406 1350 447 Authorum
1372 406 1724 450 demonstrationi-

499 468 569 506 bus
584 500 594 517 ,
609 465 687 521 ipsc
702 463 794 505 inde
814 462 1097 519 propositiones
1121 462 1202 502 suas
1214 462 1442 503 deduxerit:
1458 464 1566 518 quod
1578 465 1722 508 etiam-

502 525 529 562 s1
549 523 604 563 ita
629 521 744 572 effer,
771 535 905 561 tamen
931 535 1013 562 non
1030 534 1166 574 parum
1189 519 1314 560 laudis
1334 534 1569 566 mereretur3
1593 536 1724 576 neque

502 580 608 620 enim
631 580 794 621 cuilibet
814 577 1037 632 contingit,
1059 575 1230 618 aliorum
1251 577 1423 617 inventis
1453 575 1597 616 addere
1621 578 1727 625 tanti,

501 636 687 691 ponderis
714 635 1010 690 propositiones.

558 692 742 743 Ejusdem
775 691 857 731 fere
890 690 1115 745 argumenti
1147 690 1200 729 est
1234 689 1395 744 sequens
1427 690 1645 744 Propofitio
1674 690 1728 731 de

503 748 626 788 frusto
659 749 848 803 sphaerico
881 747 1031 788 duobus
1053 747 1177 801 planis
1210 747 1403 798 parallelis
1426 747 1551 797 seno,
1574 746 1623 787 de
1645 762 1727 803 quo

503 805 608 845 nihil
631 805 797 845 dicimus
812 839 822 855 ,
844 805 936 859 quia
965 804 1007 843 in
1033 818 1080 843 eo
1107 819 1189 843 non
1210 803 1414 844 immorati
1435 803 1574 843 sumus.

560 862 756 901 Omnium
785 860 1067 914 elegantissima
1091 860 1144 899 est
1163 859 1318 900 decima
1347 873 1485 913 quarta
1498 893 1508 910 ,
1529 860 1635 909 cujus
1655 860 1729 901 de-

509 918 836 958 monstrationem
850 916 916 955 hic
933 915 1075 955 addere
1088 916 1182 954 libet
1194 948 1205 965 ,
1224 930 1486 970 cuperemque
1501 915 1617 956 valde
1629 916 1726 961 scire

505 988 638 1013 utrum
664 974 707 1013 in
730 971 838 1013 idem
863 986 953 1012 cum
973 972 1182 1011 clariffimo
1200 971 1288 1011 viro
1302 971 1478 1011 medium
1492 971 1726 1023 inciderim,

506 1032 569 1071 vel
595 1030 804 1071 diversum.
841 1029 967 1083 Igitur
986 1029 1028 1067 in
1049 1028 1174 1082 figura
1197 1028 1304 1078 cujus
1325 1028 1655 1068 construfflonem
1678 1042 1731 1071 ex

504 1087 619 1141 ipsius
633 1086 865 1127 Torricellii
888 1084 1159 1139 propositione
1178 1098 1316 1124 notam
1332 1082 1406 1123 effe
1422 1085 1597 1138 suppono
1612 1118 1623 1135 ,
1640 1085 1728 1124 exi-

506 1144 630 1183 stente
654 1146 681 1183 B
704 1156 841 1183 centro
865 1142 1088 1196 hyperbolae
1102 1174 1111 1191 ‚
1137 1139 1379 1195 ass‘ymptotis
1398 1143 1467 1180 ΒΑ
1482 1174 1493 1191 ,
1507 1142 1576 1180 BC
1597 1140 1647 1181 ad
1661 1156 1729 1181 an-

508 1202 621 1253 gulos
644 1202 768 1240 rectos
781 1234 792 1251 ,
807 1199 934 1239 solido
956 1212 1087 1238 autem
1102 1199 1242 1252 quovis
1261 1198 1410 1237 DEFG
1429 1197 1666 1248 terminato,
1683 1210 1730 1239 ut

505 1257 748 1310 propositum
779 1257 852 1300 est3
880 1256 1050 1310 primum
1071 1253 1317 1294 ostendamus
1341 1255 1419 1293 tale
1445 1253 1613 1293 solidum
1640 1268 1728 1293 me-·³

506 1314 616 1352 dium
629 1315 928 1368 proportionale
940 1310 1015 1351 esse
1030 1312 1132 1351 inter
1147 1310 1245 1351 duos
1257 1310 1456 1364 cylindros
1477 1309 1647 1360 ejusdem
1668 1311 1726 1349 al-

506 1369 689 1409 titudinis
701 1385 791 1409 cum
801 1369 927 1408 solido
941 1401 951 1417 ‚
966 1380 1058 1421 puta
1072 1369 1184 1406 reelae
1198 1369 1281 1407 AH
1297 1399 1308 1416 ‚
1321 1381 1491 1420 quorum
1504 1366 1618 1405 unius
1633 1366 1730 1406 bafis

504 1425 549 1463 lit
570 1425 735 1464 circulus
769 1428 844 1465 DE
858 1458 869 1474 ‚
887 1424 1046 1464 alterius
1070 1437 1164 1463 vero
1184 1425 1275 1467 FG;
1298 1438 1346 1462 ex
1366 1423 1440 1462 hac
1459 1422 1566 1462 enim
1585 1435 1728 1465 caetera,

503 1480 885 1520 demonstrabuntur.
921 1483 1028 1519 Inter
1055 1482 1121 1519 ΒΑ
1137 1513 1147 1529 ,
1170 1487 1210 1521 &
1230 1481 1329 1531 BH,
1353 1479 1483 1519 media
1504 1478 1730 1533 proportio-

503 1537 601 1576 nalis
623 1537 667 1576 fit
689 1540 781 1581 ΒΤ;
805 1551 889 1576 tum
912 1536 1014 1576 inter
1036 1538 1104 1575 BA
1122 1543 1161 1577 δέ
1180 1537 1250 1575 BT
1264 1569 1274 1586 ‚
1297 1536 1426 1577 media
1449 1550 1609 1589 quoque
1632 1544 1731 1589 pros?

504 1594 739 1646 portionalis
763 1593 806 1632 fit
833 1595 860 1632 Β
877 1594 940 1637 N3
971 1606 1089 1647 atque
1109 1592 1213 1631 inter
1232 1594 1309 1632 BT
1333 1601 1372 1635 δε
1400 1594 1428 1632 Β
1445 1594 1486 1631 H
1502 1625 1512 1641 ,
1539 1592 1618 1631 esto
1644 1594 1673 1631 Β
1690 1608 1730 1644 4.

503 1652 606 1690 Item
631 1650 734 1689 inter
756 1652 825 1691 ΒΑ
846 1657 886 1691 δε
903 1650 975 1689 BN
989 1682 999 1699 ‚
1022 1649 1065 1688 fit
1079 1651 1146 1689 ΒΚ
1159 1669 1168 1693 ;
1183 1649 1285 1689 inter
1302 1650 1374 1689 BN
1392 1656 1431 1690 &
1452 1649 1521 1688 BT
1537 1682 1548 1698 ,
1565 1648 1608 1687 fit
1629 1650 1731 1703 BQ*

500 1705 605 1746 inter
630 1708 699 1746 BT
724 1714 765 1748 δε
792 1708 819 1746 Β
833 1723 880 1757 4,
903 1705 946 1745 fit
966 1708 1059 1750 BY;
1083 1706 1186 1746 inter
1209 1708 1276 1758 134
1290 1714 1328 1747 Sc
1344 1706 1419 1745 BH
1433 1739 1443 1755 ‚
1461 1704 1504 1744 fit
1525 1707 1553 1744 B
1567 1721 1592 1758 7
1606 1718 1725 1758 atque

501 1762 558 1803 ita
587 1775 648 1803 tot
678 1761 867 1803 continue
888 1761 1142 1803 inveniantur
1168 1762 1305 1802 media:
1330 1774 1428 1816 quot
1455 1761 1615 1802 libuerit
1641 1793 1651 1810 ‚
1677 1760 1728 1803 fic

501 1820 608 1859 enim
632 1834 747 1859 erunt
767 1834 926 1874 quoquo
948 1818 1138 1859 continue
1160 1819 1475 1874 proportionales
1490 1815 1729 1860 differentiae

501 1876 669 1931 ipsarum
697 1879 738 1916 H
754 1893 779 1929 7
795 1910 804 1926 ‚
828 1893 904 1930 74,
926 1879 991 1928 4Y
1006 1910 1016 1927 ‚
1045 1884 1121 1918 &a
1144 1875 1264 1929 usque
1287 1874 1336 1915 ad
1359 1874 1538 1916 ultiman]
1567 1874 1727 1923 KA‚&

498 1932 542 1973 in
566 1933 705 1973 eadem
727 1934 882 1972 ratione
904 1933 1131 1987 primarum.
1178 1933 1290 1971 Patet
1314 1944 1445 1971 autem
1471 1930 1546 1968 hac
1570 1929 1727 1973 ratione,

499 1989 549 2029 eo
571 1989 750 2030 deveniri
772 1988 876 2044 poss'e
890 2023 899 2039 ,
924 2002 966 2028 ut
987 1987 1186 2043 cylindrus
1207 1989 1313 2037 cujus
1333 1987 1426 2026 bafis
1444 1986 1613 2027 circulus
1627 1986 1695 2024 FG
1711 2017 1725 2034 ,

499 2046 667 2087 altitudo
689 2059 820 2085 autem
842 2046 981 2085 ultima
1005 2043 1229 2085 differentia
1248 2046 1322 2083 KA
1337 2077 1347 2094 ‚
1368 2043 1500 2084 minor
1518 2042 1561 2081 s1t
1583 2040 1726 2093 quovis

497 2102 621 2158 spatio
644 2102 771 2144 solid-o
794 2101 901 2145 dato.
936 2105 1023 2148 jam
1041 2117 1108 2158 per
1132 2103 1333 2158 pontiam
1349 2117 1398 2154 4,
1416 2102 1475 2151 Y,
1491 2100 1549 2148 T,
1571 2096 1726 2139 ducam-
