1915 2663
533 168 610 209 DE
659 167 1036 209 TROCHOIDssj
1320 184 1389 223 393

179 233 287 285 'eujus
306 233 499 275 beneficio
521 233 691 273 solidum
709 233 929 273 trochoidis
951 232 1150 273 dividetur
1171 231 1211 271 in
1228 231 1303 271 alia
1315 231 1394 271 duo

179 291 316 332 solida.
351 292 526 330 Primum
547 289 695 329 duabus
719 290 990 344 superficiebus
1014 289 1142 329 curvis
1168 288 1396 328 continebi-

179 360 243 387 tur
257 381 266 398 ‚
291 349 334 387 ea
362 347 510 386 scilicet
531 361 615 400 quae
636 346 656 386 a
679 346 910 396 trochoide,
935 354 975 388 δε
995 347 1039 385 ea
1059 361 1143 400 quae
1162 345 1209 384 ab
1229 346 1306 396 ejus
1334 346 1394 383 so-

179 404 241 443 cia
261 404 504 443 describitur.
541 402 766 443 Secundum
782 418 900 452 vcro,
922 404 1072 442 circulo
1093 402 1186 441 basis
1211 409 1252 443 δε
1273 403 1317 441 cfr
1336 401 1397 439 su-

177 459 338 516 perficie
361 474 481 499 curva
508 459 783 498 terminabitur
797 493 807 510 ,
829 474 913 514 qua:
926 459 946 498 Ξι
963 459 1065 498 socia
1084 457 1305 497 trochoidis
1319 456 1400 496 des-

176 516 364 555 cribetur.
397 516 570 556 Ratione
594 528 724 555 autem
743 516 841 556 inita
861 514 1071 556 secundum
1097 514 1315 554 Geomtriae
1337 528 1399 553 re-

175 573 287 626 gulas
301 606 310 622 ,
335 573 504 626 primum
530 572 698 612 solidum
721 572 945 612 continebit
965 585 1145 626 quartam
1162 584 1314 625 partem
1336 582 1400 609 to-

177 629 256 668 tius
284 628 481 681 cylindri,
503 644 547 668 ac
568 642 752 685 praeterca
774 629 962 683 sphaeram
984 642 1078 667 rotae
1092 641 1197 681 ‚quae
1210 626 1259 666 ad
1275 626 1400 681 ipsum

177 685 404 739 cylindrum
440 686 476 724 se
500 686 617 724 habet
639 698 682 723 ut
708 686 812 724 sexta
834 700 918 739 pars
941 684 1123 738 quadrati
1145 683 1331 723 diametri
1351 682 1400 722 ad

176 741 416 794 quadratum
439 738 864 781 semicircumfcrentiae
893 759 900 781 :
930 740 1143 780 secundum
1170 753 1301 779 autem
1337 739 1399 778 so-

177 797 304 837 lidum
330 797 553 837 continebit
573 796 746 848 eiusdem
767 798 887 837 totius
906 797 1074 850 cylindri
1103 809 1253 850 partem
1279 810 1398 849 quar-

176 865 260 893 tam
273 887 283 904 ,
307 869 352 893 ac
378 866 564 908 praeterea
584 854 809 908 portionem
829 853 1027 908 quandam
1039 868 1123 908 quae
1136 853 1265 903 juncta
1280 851 1399 906 sphae-

178 924 230 949 rae
251 925 346 950 rotae
367 910 416 950 ad
435 924 565 950 totum
591 910 816 964 cylindrum
840 913 876 950 se
903 910 1086 960 habebit,
1109 922 1152 948 ut
1170 906 1397 948 differentia

176 965 282 1007 inter
321 966 558 1021 quadratum
589 967 817 1020 quadrantis
840 965 1170 1007 circumferentia*
1193 972 1232 1006 δε
1257 966 1274 1018 ξ
1297 980 1394 1018 qua-

176 1021 281 1062 drati
307 1022 437 1074 radii,
462 1022 511 1062 ad
533 1022 769 1077 quadratum
799 1024 912 1080 ipsius
953 1020 1393 1062 semicircumferentiae‚

235 1081 411 1119 Ponatur
439 1078 570 1119 radius
602 1081 774 1135 partium

174 1136 388 1190 aequalium
903 1152 1089 1188 3000000

176 1193 266 1233 Erit
285 1191 704 1233 semicircumfercntia
892 1197 1082 1249 9424778
1116 1192 1234 1246 paulo
1260 1189 1393 1242 major.

176 1248 432 1304 Quadratum
461 1248 773 1290 semicircumfe-

174 1305 314 1346 rentiae
817 1309 918 1347 8882
929 1313 1001 1357 643
1012 1313 1089 1353 960
1121 1305 1239 1359 paulo
1252 1303 1398 1344 minus.

173 1363 198 1411 ὲ
221 1361 391 1413 ejusdem
416 1362 597 1417 quadrati
820 1378 866 1402 22.
876 1370 1090 1409 20660990
1124 1360 1265 1402 minus.

176 1423 198 1472 ξ
222 1418 406 1472 quadrati
430 1419 614 1460 diametri
815 1423 864 1470 48
872 1434 1091 1458 00000000

175 1473 420 1515 Differentia
457 1476 570 1527 hujus
607 1484 647 1518 δε
675 1489 773 1530 qua-

178 1527 284 1569 drati
311 1530 586 1576 semicircumf.
814 1535 1001 1582 4082643
1012 1537 1089 1577 960

176 1587 198 1634 ὲ
220 1587 332 1637 hujus
358 1586 591 1628 differentiae
823 1593 1091 1633 1020660990

180 1643 528 1696 Semiquadratum
604 1643 780 1684 semicir-
1106 1603 1138 1733 }

179 1698 452 1739 cumferentiae
816 1715 897 1751 444
906 1713 979 1751 132
990 1713 1003 1738 1
1013 1702 1091 1746 980

178 1758 340 1797 Summa
353 1756 523 1796 duorum
544 1756 778 1796 ultimorum

178 1826 437 1852 numerorum
823 1820 898 1864 546
908 1827 920 1852 ι
931 1815 978 1860 98
988 1823 1092 1862 2970

181 1869 270 1908 Erit
288 1882 516 1909 numerator
538 1868 701 1908 rationis
720 1868 834 1908 solidi
858 1868 908 1907 ad
922 1879 1049 1907 totum
1063 1864 1287 1920 cylindrum
1301 1897 1310 1914 ‚
1329 1877 1397 1903 cu·

180 1924 238 1976 jus
261 1923 539 1965 denominator
559 1924 795 1979 quadratum
816 1921 1254 1964 scmicircumfercntiae.

238 1980 358 2020 Ratio
373 1982 604 2021 Torricellii
618 1981 783 2035 quadra-

183 2036 215 2076 ti
235 2036 659 2077 semicircumferentiae
839 2041 941 2088 5428
952 2041 997 2077 28
1008 2051 1109 2087 2420
1139 2036 1173 2082 1-{3
1197 2035 1260 2073 seu
1286 2033 1324 2082 ’γ’-’ζ

181 2092 354 2145 ejusdem
366 2093 549 2147 quadrati
841 2110 883 2147 55
895 2110 911 2145 5
925 2101 995 2147 165
1008 2108 1108 2146 2475
1146 2093 1164 2143 ὲ
1195 2091 1257 2129 sCU
1285 2088 1322 2135 ’γ’-Ξ

225 2159 308 2194 ,Rea
326 2152 370 2190 de
380 2152 528 2192 l'Acad.
541 2157 644 2190 Tam.
658 2157 718 2190 VI.
1126 2148 1166 2187 D
1177 2145 1203 2188 d
1213 2145 1239 2189 d
