1915 2663
307 170 383 210 Dr
419 169 564 208 Rrso
587 177 841 206 LUT10NE
876 165 1295 214 AEQUATIONUM.
1364 181 1437 219 139

268 234 419 274 Phrafis
448 231 704 273 Geometrica
726 231 809 270 haec
835 230 921 270 erit.
966 233 1089 271 Reda
1110 231 1214 270 linea
1236 244 1438 286 utcunque

206 292 454 340 terminatfi·,
490 297 531 330 &t
559 288 733 343 exposito
757 288 898 342 quovis
918 290 1065 342 angulo
1094 288 1300 327 rcffilineo
1329 307 1339 329 :
1366 290 1392 328 fi
1415 290 1437 330 ὃ.

208 351 319 389 resta:
343 348 455 386 lineae
489 345 668 386 terminis
702 344 753 385 ad
781 344 946 399 aliquod
973 346 1160 399 punctum
1190 344 1435 386 inclinentur

206 405 291 445 duae
307 404 391 444 aliae
411 405 524 444 rcstae
548 418 633 458 quae
659 404 850 457 angulum
876 402 1051 457 exposito
1085 403 1277 456 aequalem
1299 403 1434 443 conti-

203 474 347 502 neant:
373 461 448 501 erit
464 461 541 500 hoc
563 462 774 514 pun&um‚
793 459 869 500 five
889 471 1028 500 vertex
1047 458 1209 513 anguli,
1233 459 1284 501 ad
1308 460 1433 500 alicu-

201 519 259 570 jus
281 518 477 573 portionis
500 517 640 557 circuli
659 514 1038 557 circumferentiam.

263 578 310 615 In
333 588 475 630 quarto
496 577 692 629 exemplo.
728 573 818 612 Esto
835 585 878 612 ut
895 572 1005 627 suprb.
1022 573 1152 627 quivis
1175 572 1345 612 circulus
1361 587 1433 614 cu-

201 633 258 684 jus
283 631 476 672 diameter
502 634 592 675 AB;
620 644 738 684 atque
760 644 809 668 ex
830 630 981 684 punffis
1009 632 1045 669 A
1060 663 1070 680 ‚
1095 632 1123 670 B
1141 663 1151 679 ,
1169 629 1363 669 ducantur
1381 629 1432 671 ad

202 688 371 744 quodvis
397 691 584 744 punctum
609 688 644 727 C
669 687 711 726 in
737 684 1062 727 circumferentia
1094 687 1259 726 existens
1277 719 1286 731 ,
1318 689 1433 727 rech

199 747 303 800 AC,
333 747 413 786 BC.
461 746 575 787 Patet
598 758 694 799 ergo
727 743 845 784 ambo
875 743 986 785 fimul
1009 743 1203 800 quadrata
1228 744 1330 794 AC,
1357 744 1430 786 BG

178 1659 353 1714 aequalia
376 1657 451 1700 esse
479 1661 674 1715 quadrato
701 1660 888 1702 diametri
913 1661 1007 1709 AB,
1030 1671 1076 1698 ac
1098 1656 1267 1712 proinde
1289 1655 1413 1711 ipsam

183 1714 550 1757 circumferentiam
577 1719 711 1757 locum
729 1715 804 1757 esse
828 1716 878 1756 ad
902 1715 1095 1755 summam
1115 1713 1286 1754 duorum
1313 1728 1415 1768 qua-

184 1770 389 1812 dratorum
410 1773 478 1812 uni
495 1772 705 1827 eidemque
728 1771 923 1827 quadrato
946 1773 1096 1826 semper
1116 1771 1319 1824 aequalem.

241 1833 376 1883 Atque
391 1829 512 1872 etiam
533 1830 560 1870 fi
583 1827 774 1884 assumpta
794 1829 938 1884 puncta
963 1843 1048 1868 non
1079 1827 1153 1866 fint
1174 1827 1256 1881 ipsa
1279 1828 1337 1875 A,
1357 1828 1384 1867 B
1400 1859 1412 1876 ,

184 1884 251 1924 sed
280 1886 356 1926 alia
384 1885 464 1927 duo
489 1901 734 1942 quaecunque
756 1886 800 1926 in
820 1885 925 1925 recTffi
947 1887 1018 1925 AB
1042 1883 1164 1924 etiam
1195 1882 1383 1939 produstzi
1401 1917 1411 1934 ,

183 1941 211 1981 fi
231 1942 391 1983 libuerit
402 1977 414 1995 ,
437 1943 559 1985 modi)
572 1944 653 2000 ipsa
668 1943 811 1999 puncta
824 1941 846 1982 ὃ,
859 1954 997 1983 centro
1017 1942 1052 1982 K
1071 1941 1165 1981 hinc
1180 1940 1272 1981 inde
1287 1955 1414 1995 aequaa

180 1998 274 2038 liter
295 1998 460 2052 distent,
478 2003 542 2042 vel
559 2002 663 2042 intra
679 2000 873 2041 circulum
886 2033 897 2051 ,
920 1999 1054 2054 qualia
1071 1998 1158 2038 sunt
1182 2001 1222 2038 D
1237 2031 1247 2048 ,
1268 2000 1296 2037 E
1314 2018 1323 2042 ς
1347 1996 1412 2037 vel

185 2068 295 2095 extra
311 2090 322 2107 ,
344 2058 478 2110 qualia
501 2059 588 2098 sunt
606 2061 644 2099 G
658 2091 668 2108 ‚
683 2058 748 2102 H;
773 2057 1048 2111 ducanturque
1072 2055 1122 2096 ad
1144 2053 1313 2108 quodvis
1331 2054 1410 2093 cir-

181 2110 455 2156 cumferentiae
484 2116 672 2170 punEkum
698 2115 726 2154 F
747 2116 812 2156 vel
831 2116 851 2155 1
874 2115 987 2155 rectae
1001 2114 1073 2154 DF
1087 2146 1098 2163 ,
1115 2113 1202 2211 EF53
1217 2113 1281 2175 rel
1296 2112 1409 2151 reeta:

1219 2181 1244 2221 ¹)
