1915 2663
753 155 836 197 447

183 209 422 250 resciveram
443 213 456 257 )
480 220 604 261 caque
633 219 718 246 tum
745 206 916 261 primum
944 207 992 248 ad
1021 224 1206 250 numeros
1238 214 1410 256 extendi.

183 266 471 307 Animadverti
494 265 601 304 enim
621 271 662 306 δε
683 264 959 318 parabolarum
981 266 1097 320 plana
1111 300 1121 317 ‚
1145 267 1194 307 ad
1213 267 1277 308 sua
1291 272 1413 324 paral-

183 323 444 377 lelogramma
459 341 468 366 ς
489 319 777 374 &earumdem
798 321 923 361 solida
937 354 947 369 ‚
966 322 1016 362 acl
1033 324 1118 364 suos
1131 325 1331 379 cylindros
1348 347 1356 371 ς
1371 335 1413 369 &

186 379 308 434 spatia
331 380 505 419 helicum
520 411 530 429 ‚
544 378 593 418 ad
607 378 691 418 suos
704 378 874 419 circulos
897 378 1067 420 feliciter
1087 384 1310 436 comparari
1329 385 1414 439 pos-

182 437 247 486 se,
272 436 298 475 fi
323 436 589 476 innotesceret
610 435 653 476 in
679 436 851 476 numeris
881 437 984 477 ratio
1008 436 1165 478 summae
1178 441 1414 494 potestatum

184 492 367 533 omnium
379 493 551 545 ejusdem
564 493 718 548 generis
732 526 743 544 ,
754 493 897 533 ordine
911 527 921 544 ,
935 507 1054 548 atque
1063 494 1271 537 indefinite
1283 498 1411 553 sump-

183 562 337 602 tarum,
362 550 411 591 ad
431 566 566 591 earum
594 550 809 591 maximam
829 551 947 591 toties
977 551 1196 607 sumptam;
1218 553 1340 608 idque
1369 556 1412 595 in

179 607 295 647 omni
315 622 460 662 genere
479 607 726 662 potestatum.
760 607 885 662 Quod
907 608 1071 662 quidem
1095 625 1180 650 non
1198 609 1412 653 difficulter

180 662 374 705 assecutus
396 665 490 706 sum.
526 664 642 704 Illico
665 663 774 703 idem
790 664 918 717 patuit
937 664 1128 706 summam
1143 667 1323 708 omnium
1337 684 1413 708 nu-

177 735 383 763 merorum
406 720 691 776 quadratorum
704 753 715 771 ‚
735 720 877 761 ordine
904 723 1077 762 naturali
1095 737 1214 778 atque
1230 721 1424 766 i'ndefinh

180 775 220 818 te
246 778 491 832 sumptorum
510 794 524 819 1
546 811 556 828 ‚
571 794 597 830 4
612 810 622 828 ‚
636 793 660 831 2
674 810 685 828 ,
703 793 716 818 1
728 786 771 828 6,
789 794 864 830 25,
878 784 956 819 &Q
973 778 1022 818 ad
1039 794 1178 818 eorum
1191 781 1412 823 maximum

179 834 298 874 toties
319 836 515 889 sumptum
527 847 626 888 quot
640 833 730 874 sunt
745 834 802 874 illi
818 833 1002 888 quadrati
1020 855 1029 880 ;
1046 836 1126 875 hoc
1138 836 1192 876 est
1204 836 1254 877 ad
1266 838 1412 879 cubum

178 889 353 942 ejusdem
374 891 517 931 radicis
537 906 628 931 curn
648 891 824 931 maximo
839 892 909 930 illo
923 891 1118 945 quadrato
1140 895 1348 945 collatam,
1373 895 1410 934 se

176 946 328 988 habere
349 961 391 987 ut
417 964 432 989 1
460 947 509 988 ad
526 964 542 999 3
561 979 571 994 ,
590 946 666 987 five
685 948 923 987 constituere
944 949 984 995 ἐς
1009 947 1200 988 summam
1217 950 1410 993 cuborum

178 1002 476 1044 eodem‘modo
510 1004 755 1058 sumptorum
776 1037 787 1053 ‚
817 1004 869 1043 ad
889 1019 1027 1044 eorum
1050 1005 1269 1046 maximum
1291 1009 1409 1048 toties

176 1061 399 1115 sumptum,
422 1059 498 1102 five
518 1060 568 1101 ad
588 1059 1045 1115 quadrato-quadratum
1068 1062 1239 1113 ejusdem
1265 1064 1410 1106 radicis

176 1131 271 1157 eum
301 1119 476 1158 maximo
507 1118 632 1168 cubo,
670 1117 706 1156 se
735 1118 881 1158 habere
909 1131 952 1158 ut
979 1134 991 1159 1
1016 1117 1130 1171 ad4‚
1156 1119 1234 1159 five
1262 1122 1410 1161 consti-

178 1186 290 1215 tuere
309 1176 348 1223 ἐς
366 1174 556 1215 summam
579 1173 1082 1229 quadrato-quadratorum
1095 1209 1105 1225 ‚
1127 1175 1270 1217 eodem
1288 1178 1408 1219 modo

176 1231 418 1271 constituere
431 1234 473 1280 ’ῖς
496 1244 614 1286 atque
632 1232 687 1272 ita
706 1231 750 1271 in
761 1231 974 1271 infinitum.
1011 1234 1068 1271 Ex
1082 1233 1156 1272 hac
1171 1234 1411 1288 propositio-

176 1301 230 1327 ne
253 1303 338 1342 quae
356 1288 436 1328 sola
458 1288 601 1328 sufficit
615 1322 625 1339 ‚
647 1288 856 1328 innumera
876 1287 1024 1328 deduxi
1043 1291 1256 1330 corollaria
1270 1324 1281 1341 ,
1310 1307 1409 1345 qua-

176 1343 233 1384 lia
260 1345 348 1392 sunt
370 1345 452 1385 haec
477 1364 486 1385 ς
513 1348 673 1384 Summa
695 1345 874 1384 radicum
906 1344 1190 1398 quadratarum
1219 1363 1410 1388 numero-

175 1414 267 1442 rum
288 1402 470 1442 omnium
483 1434 494 1449 ‚
516 1402 660 1442 ordine
675 1401 848 1442 naturali
869 1435 880 1453 ‚
898 1414 1017 1455 atque
1043 1401 1253 1442 indefinite
1282 1404 1410 1459 sump-

178 1469 336 1508 torum,
355 1458 406 1498 ad
426 1456 656 1499 earumdem
687 1457 868 1498 radicum
892 1458 1110 1499 maximam
1137 1457 1254 1499 toties
1278 1461 1410 1515 sump-

166 1524 261 1553 tam
273 1547 285 1564 ,
301 1516 463 1561 collata3
478 1515 572 1570 puta
593 1515 744 1554 summa
766 1514 946 1554 radicum
962 1514 1244 1568 quadratarum
1263 1516 1409 1558 horum

176 1584 438 1612 numerorum
463 1588 480 1613 1
494 1605 505 1622 ,
530 1590 550 1612 2
566 1605 576 1622 ‚
595 1588 609 1624 3
627 1605 636 1622 ,
649 1589 698 1623 4,
718 1587 759 1623 5,
776 1579 799 1611 6
812 1604 822 1621 ‚
848 1578 925 1613 &ci
950 1585 1038 1610 eam
1065 1571 1185 1611 habet
1209 1572 1407 1614 rationem

177 1642 300 1682 quam
324 1645 346 1669 2
371 1627 421 1668 ad
446 1645 460 1681 3
487 1648 496 1672 ς
519 1628 669 1668 summa
701 1627 881 1667 radicum
912 1627 1194 1682 quadratarum
1224 1630 1408 1671 omnium

178 1699 438 1726 numerorum
454 1684 740 1739 quadratorum
752 1717 760 1730 ‚
783 1684 925 1724 ordine
940 1685 1137 1735 naturali,
1159 1698 1278 1739 atque
1293 1686 1407 1726 inde-

177 1740 291 1781 finite
311 1741 577 1797 sumptorum,
598 1741 649 1782 ad
669 1741 897 1781 earumdem
917 1741 1096 1782 radicum
1114 1744 1329 1783 maximam
1343 1756 1406 1784 to-

179 1796 251 1837 ties
283 1798 475 1854 sumptam
499 1832 511 1849 ,
536 1799 573 1838 se
605 1799 725 1838 habet
759 1812 802 1837 ut
830 1816 851 1840 2
876 1797 925 1838 ad
955 1816 982 1852 4
1001 1819 1010 1843 ;
1047 1797 1195 1839 sumina
1226 1799 1406 1841 radicum

178 1854 462 1908 quadratarum
483 1856 664 1896 omnium
684 1871 942 1896 numerorum
967 1856 1184 1906 cuborum,
1206 1856 1257 1897 ad
1278 1858 1406 1897 maxi-

180 1925 288 1951 mam
311 1913 428 1953 toties
451 1914 719 1968 sumptam‚ut
733 1912 844 1967 supra
857 1946 868 1963 ,
882 1913 919 1952 se
934 1914 1052 1953 habet
1062 1926 1105 1953 ut
1121 1931 1142 1954 2.
1160 1913 1210 1953 ad
1227 1931 1244 1968 5
1261 1935 1270 1959 3
1287 1924 1422 1968 atque'

178 1967 237 2008 ita
259 1968 302 2008 in
322 1968 522 2009 infinitum
535 2004 546 2021 ,
566 1971 718 2011 radices
742 1969 941 2024 quadratae
963 1985 1219 2012 numerorum
1235 1971 1405 2025 quadra-

181 2024 526 2079 to-quadratorurn
541 2060 552 2077 ‚
573 2028 994 2081 quadrato-cuborum
1012 2061 1024 2079 ,
1050 2028 1403 2079 cubo-cuborum,

181 2087 261 2131 διε.
285 2081 336 2123 ad
353 2097 488 2125 earum
512 2085 730 2127 maximam
755 2084 872 2127 toties
901 2085 1115 2140 sumptam,
1138 2098 1182 2125 ut
1201 2084 1334 2141 supra,
1355 2085 1405 2126 fic
