1915 2663
457 157 532 183 210
581 140 655 178 Dr
692 136 1113 176 REsonJa-mm
1146 135 1575 186 AEQUATIONUMz

511 200 635 256 Qiod
661 200 782 240 etiam
803 215 850 239 ex
880 198 1018 240 iisdem
1043 199 1158 239 lincis
1177 211 1243 238 aut
1260 197 1555 252 superficiebus,
1569 202 1684 252 quael

456 261 548 299 clam
577 257 830 312 simpliciores
851 290 861 307 ,
893 255 1072 311 quaedam
1092 255 1188 296 vero
1208 256 1333 309 magis
1359 254 1583 309 composita:
1612 255 1685 294 in-

457 314 633 354 tellectui
664 312 874 354 videantur
892 332 902 356 ;
933 312 975 351 id
1003 314 1122 351 etiam
1146 327 1229 351 non
1249 311 1417 366 impedit
1438 311 1535 365 quin
1557 312 1616 350 hae
1638 318 1679 351 δε

456 373 533 411 illa:
560 369 667 424 :tque
703 369 954 423 geometrica:
980 367 1062 408 dici
1085 367 1275 413 debeant;
1297 369 1443 423 quippe
1472 368 1571 407 illud
1598 382 1688 407 non

459 443 504 467 ex
528 441 668 466 natura
691 426 832 466 talium
855 424 1178 480 magnitudinum
1201 457 1211 474 ‚
1235 424 1300 464 sed
1320 440 1367 464 ex
1387 425 1592 465 debilitate
1617 425 1684 464 in-

460 485 636 524 tellectus
667 483 834 523 humani
862 481 1076 537 procedere
1105 479 1357 521 manifestum
1382 482 1436 520 est
1459 497 1536 521 :ex
1553 482 1685 522 nostra

459 555 593 581 autem
605 538 909 595 imperfectione
930 554 1062 579 rerum
1083 552 1224 578 natura
1248 552 1331 577 non
1352 537 1597 579 immutatur.

517 600 670 637 Demus
688 598 823 651 itaque
843 597 922 636 hoc
947 598 1128 637 humanae
1150 594 1442 645 imbecillitati,
1465 593 1576 648 quod
1602 608 1696 647 quae*

464 653 694 708 simpliciori
716 654 862 704 modo,
889 653 1025 693 saltem
1055 653 1189 693 nostro
1221 651 1420 705 respectu,
1447 650 1546 690 solvi
1575 663 1697 705 pote--

464 724 582 762 runt,
606 725 653 750 eo
676 710 774 750 solvi
800 710 991 756 debeant;
1021 717 1062 752 δε
1083 722 1224 749 contra
1251 709 1370 747 talem
1396 709 1573 761 regulam
1596 721 1698 761 pec--

467 766 567 806 caffe
590 767 792 807 censeatur
823 767 1020 821 quisquis,
1049 766 1140 806 cum
1163 764 1392 820 simpliciori
1413 766 1503 804 loco
1523 764 1581 803 uti
1601 765 1698 818 pos--⁴

467 824 545 874 set,
572 823 621 863 ad
647 824 771 877 magis
793 824 1054 878 compolitum
1080 822 1303 863 recurrerit.
1347 821 1539 861 Dicemus
1559 822 1701 860 autem

468 880 588 933 paulo
610 881 696 933 post
720 880 769 919 de
787 880 1039 919 distinctione
1061 882 1243 919 locorum
1264 878 1306 918 in
1327 878 1450 931 magis
1473 890 1540 916 aut
1562 875 1703 916 minus·

470 936 661 990 fimplices
685 951 733 975 ex
759 937 1044 976 constitutione
1069 938 1374 976 Geometrarum
1396 934 1547 987 quinos
1563 934 1637 972 hac
1651 932 1696 972 in

468 1007 511 1032 re
530 991 803 1046 praecefferunt
819 1026 829 1042 ,
851 1006 895 1032 ut
916 992 965 1031 fic
987 992 1074 1047 quis
1094 993 1238 1046 cuique
1256 990 1461 1045 quaestioni
1485 991 1592 1029 locus
1608 1004 1704 1044 pro-ff:

471 1049 577 1103 prius
601 1049 645 1088 fit
662 1048 897 1090 innotescat.

531 1105 606 1145 Sed
631 1118 676 1144 ut
697 1107 823 1160 magis
849 1106 1044 1145 elucescat
1065 1105 1108 1144 in
1124 1105 1199 1144 hac
1221 1104 1386 1144 materia
1403 1104 1609 1149 locorum,
1624 1114 1708 1142 nea

474 1159 710 1201 facilitatem
724 1161 1000 1216 descriptionis
1011 1196 1021 1213 ,
1034 1176 1108 1201 nec
1118 1161 1309 1211 majorem
1323 1173 1390 1200 aut
1407 1160 1604 1199 minorem
1617 1158 1709 1198 fima-

475 1219 698 1272 plicitatem
723 1219 1008 1259 intelle&ionis
1043 1219 1122 1257 alio
1152 1217 1274 1258 modo
1310 1215 1594 1256 attendendam
1625 1213 1704 1255 effe

478 1275 596 1328 quam
620 1276 794 1329 respectu
816 1275 1101 1315 imbecillitatis
1121 1275 1342 1314 intellectus
1360 1273 1525 1313 humani
1544 1292 1552 1313 :
1570 1270 1703 1312 videa-

478 1346 562 1370 mus
590 1331 676 1384 quis
698 1331 742 1370 fit
764 1333 1004 1371 Geometriae
1026 1332 1113 1371 finis
1129 1332 1170 1371 in
1193 1331 1290 1370 locis
1303 1330 1389 1384 ipsis
1405 1328 1705 1370 constituendis.

480 1388 647 1427 Constat
658 1400 789 1428 autem
800 1390 953 1427 nullum
965 1388 1088 1427 alium
1102 1387 1221 1427 finem
1234 1387 1337 1441 apud
1351 1390 1585 1427 Geometras
1596 1399 1709 1438 repe*

479 1443 565 1493 riri,
578 1443 649 1482 nisi
661 1457 704 1483 ut
717 1445 857 1484 talium
875 1447 1056 1484 locorum
1073 1443 1267 1483 beneficio
1281 1458 1326 1482 ea
1340 1442 1530 1496 detegant
1542 1456 1627 1496 quae
1639 1442 1708 1481 in·-

480 1500 656 1543 telleffiu
678 1501 854 1540 latebant
866 1534 876 1552 ,
892 1515 936 1540 ut
949 1500 1058 1555 quod
1076 1516 1214 1541 verum
1235 1501 1288 1540 est
1303 1533 1313 1550 ‚
1329 1514 1466 1540 verum
1480 1496 1576 1542 ess'e;
1595 1497 1709 1552 quod

481 1555 621 1595 falsum
646 1557 720 1606 est,
742 1556 883 1597 falsum
903 1556 998 1602 esse;
1018 1557 1127 1611 quod
1146 1556 1231 1596 fieri
1251 1556 1398 1611 potest,
1419 1555 1504 1594 fieri
1518 1553 1624 1609 posse
1637 1588 1648 1604 ,
1664 1562 1709 1597 δε

481 1627 560 1665 quo
583 1612 706 1652 modo
720 1646 731 1663 ‚
754 1621 794 1655 δε
823 1627 922 1668 quot
934 1614 1062 1654 modis
1076 1648 1086 1664 ,
1101 1612 1354 1654 manifestum
1369 1612 1437 1651 fiat
1449 1645 1459 1662 ,
1474 1611 1595 1666 idque
1613 1611 1712 1652 sem-

482 1683 550 1723 per
577 1669 620 1709 in
639 1671 806 1710 materia
833 1672 1106 1725 geometrica3
1134 1670 1243 1725 quod
1268 1683 1403 1709 tamen
1428 1684 1511 1709 non
1539 1667 1711 1723 impedit

482 1741 532 1765 ne
556 1727 644 1765 talis
668 1727 850 1780 cognitio
871 1727 1002 1781 postea
1022 1729 1194 1768 materiae
1209 1727 1376 1766 senfibili
1387 1726 1617 1780 applicetur.
1644 1727 1709 1764 Ac

438 1785 441 1787 ’
483 1781 600 1836 plane
633 1782 825 1833 ejusmodi
852 1785 932 1823 loci
954 1785 1084 1838 primo
1104 1792 1144 1826 δε
1168 1798 1235 1837 per
1259 1783 1296 1822 se
1324 1781 1502 1837 quaedam
1528 1781 1616 1820 sunt
1636 1794 1711 1819 co-

488 1838 705 1893 gnoscendi
726 1840 1005 1885 instrumenta;
1036 1838 1268 1880 secundario
1295 1839 1413 1888 vero,
1430 1845 1470 1880 86
1493 1853 1559 1892 per
1581 1836 1713 1891 appli-

488 1895 689 1936 cationem
720 1896 994 1937 mechanicam
1009 1930 1020 1947 ,
1051 1897 1112 1937 1111
1137 1895 1227 1936 sunt
1244 1895 1502 1936 instrumenta
1519 1892 1710 1934 faciendi.

490 1953 541 1991 Et
565 1953 727 2007 quidem
743 1987 754 2005 ,
781 1953 890 2007 quod
916 1953 966 1993 ad
989 1953 1265 2009 cogn-itionem
1279 1986 1290 2002 ,
1313 1952 1538 2001 scientiam,
1565 1952 1628 1991 vel
1642 1949 1710 1988 in-

487 2010 754 2064 telligentiam
775 2010 917 2050 attinet
932 2045 944 2062 ‚
962 2010 1038 2051 five
1060 2011 1128 2050 illa
1144 2007 1300 2049 facilius
1314 2042 1324 2059 ,
1343 2009 1418 2050 five
1434 2005 1632 2048 difficilius
1648 2020 1708 2045 ac-

490 2066 692 2121 quiratur,
713 2076 754 2112 δε
779 2067 856 2109 five
876 2082 945 2124 per
969 2067 1099 2112 media
1129 2066 1343 2123 simplicia,
1365 2067 1441 2108 five
1459 2079 1528 2120 per
1549 2077 1711 2118 compo-
