1915 2663
457 180 531 213 204
581 163 651 200 DE
683 160 1094 201 RESOLUT10NE
1129 161 1570 211 AEQUATJONUM„

456 223 597 262 unitati
620 224 980 264 commensurabilis
1000 256 1011 271 ‚
1035 239 1128 264 tunc
1160 225 1269 264 cci-to
1292 225 1547 278 pronuntiare
1569 223 1684 263 lice*

455 280 512 317 bit
533 310 540 323 ‚
564 278 782 318 binomium
804 293 871 318 aut
898 294 1112 333 apotomen
1129 296 1212 320 non
1235 282 1378 320 habere
1401 279 1576 319 radicem
1597 295 1664 318 cu-

452 334 581 374 bicam
605 335 890 387 explicabilem.
932 336 1022 374 Esto
1054 350 1149 388 ergo
1169 337 1237 375 illa
1265 337 1411 376 cubicae
1435 336 1665 390 aequationis

451 389 565 430 radix
597 404 780 430 numerus
809 390 1014 430 rationalis
1036 389 1190 444 integer
1212 394 1276 432 vel
1298 391 1439 432 frafitus
1453 425 1463 442 ‚
1485 405 1577 431 tunc
1596 392 1666 431 illa

452 446 577 500 priori
599 445 761 499 quidem
786 446 1007 500 aequatione
1020 446 1095 486 erit
1108 448 1228 496 majus
1241 462 1386 488 nomen
1398 481 1409 497 ‚
1424 448 1444 487 {1
1455 449 1560 497 cujus
1576 463 1669 501 qua-

453 501 568 541 drato
587 502 612 542 fi
634 501 813 542 dematur
835 505 863 543 B
877 504 1037 557 planum
1051 535 1061 549 ‚
1077 503 1322 556 relinquetur
1338 503 1572 556 quadratum
1590 504 1668 542 mi·
1683 533 1689 536 N

453 558 562 597 noris
587 558 760 598 nominis
774 591 784 609 ‚
807 574 854 598 ex
869 559 1008 613 quibus
1031 559 1258 598 nominibus
1279 560 1534 598 constituetur
1551 558 1668 598 'oino-

451 614 578 654 mium
601 616 665 654 vel
682 628 867 669 apotome
882 628 1020 669 :atque
1033 616 1116 654 haec
1129 617 1190 655 vel
1202 615 1301 654 illud
1317 615 1392 654 erit
1407 614 1518 654 radix
1531 615 1670 654 cubica

453 670 620 723 quaefita.
647 674 704 710 At
727 671 893 711 secunda
916 672 1136 725 aequatione
1146 671 1258 711 radix
1271 672 1345 710 erit
1356 671 1484 714 minus
1498 685 1668 722 nomen,

450 727 557 775 cujus
587 726 779 781 quadrato
815 728 840 767 fi
872 727 1037 768 addatur
1069 730 1097 767 B
1126 729 1323 782 planumy
1341 726 1407 766 fiet
1435 725 1670 780 quadratum

449 782 616 822 minoris
637 783 834 828 nominis·,
856 797 974 837 atque
996 784 1043 823 ab
1063 784 1141 823 illis
1163 783 1388 823 nominibus
1413 783 1669 822 constitutum

452 837 675 878 binomium
687 841 748 879 vel
763 853 948 893 apotome
960 873 971 889 ,
994 840 1070 879 erit
1090 839 1201 879 radix
1222 840 1359 879 cubica
1372 854 1456 893 quae
1469 839 1667 892 quaeritun

510 896 599 937 Jam
620 895 717 934 vcro
743 896 931 934 existente
955 896 1136 935 binomio
1157 897 1220 935 vel
1243 908 1428 950 apotome
1449 894 1591 949 primi,
1611 896 1669 933 se·-

452 948 573 989 cundi
597 983 607 1000 ,
640 950 795 1003 quarti,
819 953 883 991 vel
906 951 1037 1004 quinti
1056 950 1206 991 ordinis
1220 984 1233 1000 ‚
1252 950 1442 1005 quadrata
1461 951 1670 991 nominum

449 1020 533 1045 non
554 1004 742 1045 differant
768 1007 869 1046 cubo
890 1021 1081 1057 numero,
1104 1006 1168 1046 sed
1190 1021 1427 1060 quoeunque
1447 1007 1525 1046 alio
1542 1024 1554 1046 v:
1575 1020 1668 1047 tunc

447 1060 524 1103 hac
546 1062 830 1116 praeparatione
860 1077 1028 1103 utemur.
1073 1061 1314 1103 Differentia
1346 1063 1416 1101 illa.
1446 1077 1530 1114 quae
1550 1062 1682 1102 cubus.

446 1131 530 1157 non
558 1118 632 1168 est,
657 1131 821 1158 vocetur
835 1120 870 1157 C
883 1119 933 1168 (Π,
946 1134 991 1158 ac
1012 1134 1079 1172 per
1099 1118 1266 1158 eandem
1286 1116 1553 1158 differentiam
1573 1120 1671 1158 mul-

449 1173 651 1226 tiplicetur
671 1187 881 1228 utrumque
902 1174 1191 1228 propositorum
1205 1174 1414 1214 nominum
1426 1174 1593 1213 binomii
1606 1177 1668 1213 vel

450 1243 655 1283 apotomes
677 1230 783 1279 cujus
797 1229 908 1270 radix
921 1230 1178 1293 investigatur
1190 1263 1200 1280 ‚
1216 1230 1306 1284 puta
1326 1230 1407 1270 Ms.
1423 1237 1462 1271 <Sc
1477 1231 1515 1269 N
1532 1229 1555 1269 s.
1569 1249 1576 1272 ς
1593 1230 1667 1270 hac

449 1285 564 1329 enim
578 1287 912 1340 multiplicatione
932 1286 1160 1327 habebimus
1182 1286 1404 1326 binomium
1426 1284 1533 1325 aliud
1544 1288 1606 1324 vel
1623 1301 1666 1325 a-

449 1341 547 1380 liam
557 1355 768 1396 apotomen
782 1341 951 1393 ejusdem
965 1341 1130 1392 ordinis,
1143 1343 1248 1393 cujus
1262 1341 1451 1396 quadrata
1462 1341 1670 1382 nominum

448 1397 552 1436 cubo
566 1412 731 1437 numero
746 1397 941 1438 different.
966 1401 1099 1452 Atque
1113 1398 1281 1438 omnino
1295 1414 1377 1437 non
1390 1396 1511 1437 refert
1523 1400 1608 1451 quis
1628 1398 1670 1437 sit

450 1454 737 1506 multiplicator
752 1469 819 1507 per
832 1469 949 1508 quem
963 1454 1275 1508 multiplicentur
1288 1454 1450 1493 nOmina
1464 1453 1537 1493 ΜΓ.
1547 1461 1585 1495 δέ
1598 1454 1667 1494 Ns.

450 1508 580 1551 modo,
604 1509 795 1562 quadrata
823 1511 1032 1549 nominum
1062 1509 1155 1549 inde
1182 1523 1360 1549 ortorum
1383 1510 1483 1548 cubo
1505 1524 1670 1549 numero

452 1561 666 1609 differant;
690 1565 721 1604 is
743 1579 838 1619 crgo
857 1566 1142 1620 multiplicator
1157 1599 1167 1616 ,
1181 1567 1405 1620 quicunque
1424 1566 1491 1604 ille
1516 1566 1558 1604 fit
1572 1598 1583 1616 ,
1605 1581 1672 1605 vo·-

450 1633 563 1661 cetur
578 1622 613 1659 C
626 1618 653 1646 ff·
671 1621 746 1661 slve
767 1622 835 1660 ille
855 1622 899 1660 sit
912 1621 1018 1662 idern
1029 1622 1095 1676 qui
1111 1622 1221 1676 supra
1237 1655 1247 1673 ‚
1261 1622 1336 1662 five
1349 1636 1430 1661 non
1445 1641 1454 1666 ς
1474 1621 1526 1660 est
1538 1634 1671 1662 tamen

448 1676 597 1730 primus
619 1678 884 1717 communiter
909 1677 1211 1732 simplicissimus.

502 1733 612 1771 Talis
634 1747 729 1786 ergo
751 1733 919 1772 binomii
940 1736 1003 1774 vel
1025 1747 1227 1788 apotomes
1248 1733 1318 1773 tali
1333 1733 1668 1786 multiplicatione

446 1788 668 1828 constitutae
701 1788 812 1827 radix
841 1789 979 1829 cubica
1009 1790 1234 1830 inveniatur
1267 1803 1312 1828 ea
1334 1788 1525 1829 methodo
1547 1803 1668 1841 quam

448 1843 607 1894 jamjam
638 1843 871 1884 tradidimus
900 1845 1099 1884 mediante
1119 1844 1340 1898 :equatione
1359 1844 1496 1883 cubica
1523 1859 1668 1884 conve-

448 1899 598 1939 nienti:
619 1911 703 1939 tum
722 1899 833 1939 radix
852 1900 1012 1941 inventa
1034 1899 1233 1940 dividatur
1257 1915 1323 1954 per
1345 1901 1381 1939 C
1394 1911 1424 1939 P.
1440 1901 1516 1939 hoc
1530 1900 1582 1939 est
1595 1914 1661 1953 pet

446 1955 623 1995 radicem
645 1955 824 1995 cubicam
844 1957 919 1995 Cff·
943 1971 1185 2010 quaecunque
1213 1956 1257 1994 sit
1278 1957 1345 1994 illa
1368 1956 1479 1995 radix
1493 1955 1634 2006 ,surda
1648 1989 1666 2005 ,,

446 2013 511 2049 vel
545 2011 772 2057 rationalis;
797 2012 979 2066 quotiens
1002 2013 1109 2052 enim
1130 2012 1217 2052 talis
1244 2010 1574 2054 divifionisvdabit
1595 2026 1657 2052 ra.—

444 2065 575 2110 dicem
598 2068 776 2110 cubicarn
798 2068 1144 2126 initioquaefitam.
