1915 2663
315 179 832 218 DEszsowronn
865 177 1279 228 AEQJA’ronUM.
1354 196 1423 233 171

211 258 259 283 ex
277 245 399 282 altera
416 255 526 297 parte
549 255 681 282 versus
699 243 738 280 O
755 255 963 291 ,occurrat
983 255 1064 281 tam
1084 242 1254 282 secundo
1272 259 1432 285 centro·

213 315 303 340 rum
325 299 444 339 loco
428 313 478 338 1n
497 299 642 353 punem
660 305 732 347 26,
756 297 874 350 quam
894 298 1082 338 ambobus
1107 299 1433 349 intervallorum,
1448 323 1451 326 Δ

210 355 256 395 in
284 355 434 410 punitis
461 371 534 406 24,
562 362 603 396 &
631 369 706 407 25,
731 352 844 393 dabit
862 354 931 394 illa
955 368 1136 394 centrum
1163 356 1271 395 aliud
1299 367 1370 408 26,
1393 366 1433 400 &t

213 411 293 451 duo
324 412 535 450 intervalla
558 411 723 465 asqualia
749 419 797 451 26
829 427 900 462 24,
932 418 973 452 &
1000 421 1047 452 26
1079 428 1152 463 25;
1183 427 1352 466 quorum
1385 415 1434 453 il-

213 466 282 507 lud
302 467 411 521 quod
427 467 502 506 erit
526 476 575 509 26
596 484 646 518 24
662 501 672 517 ‚
690 467 1000 507 terminabitur
990 483 1033 507 in
1055 483 1183 521 pruno
1207 469 1439 510 intervallo-

213 538 301 564 rum
321 525 433 568 loc03
453 531 657 575 (centrum
679 533 754 574 26,
773 531 813 565 δεῖ
836 525 1003 563 alterum
1022 524 1224 565 intervalli
1249 529 1436 579 punctum

215 596 292 633 25,
306 580 346 619 in
364 580 654 634 nostrafigura,
668 580 786 619 nimis
809 577 929 633 longe
956 579 1178 620 distarent
1165 597 1188 620 a
1210 584 1353 634 puncto
1368 586 1403 621 A
1423 589 1434 631 )

213 637 284 675 tali
301 651 397 691 eigo
420 651 583 687 centro,
601 651 646 676 ac
668 636 744 675 tali
767 636 1005 686 intervallo,
1033 637 1280 677 inveniemus
1305 639 1355 684 in
1378 638 1436 677 se-

213 692 468 733 midiametro
490 696 561 734 ΒΟ
575 726 585 743 ,
604 694 790 747 Ριιηᾶὶιιιη
803 691 1003 745 quaefitum
1025 710 1051 745 4
1067 694 1106 732 in
1121 695 1243 734 ovali.

274 750 402 790 Simili
422 749 544 789 modo
561 781 572 798 ,
597 749 622 787 fi
643 748 686 787 in
710 747 880 787 secundo
902 748 1050 788 balium
1073 750 1226 789 circulo
1239 784 1249 800 ,
1269 749 1436 791 ducatur

213 805 406 846 diameter
421 807 468 844 M
484 807 513 844 Β
534 821 547 845 1
562 821 581 844 2
596 825 605 849 ;
634 803 727 843 huic
744 806 987 845 convenient
1005 805 1090 845 duae
1108 806 1236 857 bases,
1258 808 1346 845 AM
1365 815 1436 857 ,δε

213 865 252 902 Α
273 876 320 902 12
334 875 429 915 ‚pro
443 861 651 915 triangulis
671 861 823 911 AZM,
845 864 881 900 A
909 877 952 902 11
975 877 989 902 1
1004 879 1047 906 2,
1076 862 1206 916 (finge
1226 840 1437 917 ³'triangula

211 917 284 956 illa
302 917 378 956 effe
393 917 593 969 absoluta,
625 916 734 971 quod
757 916 930 958 vitandae
949 917 1198 958 confusionis
1220 920 1349 972 gratia
1370 920 1438 959 hic

213 971 363 1013 factum
388 989 472 1014 non
497 974 574 1023 est)
600 989 643 1013 ac
660 989 907 1028 unaquaeque
933 989 980 1014 ex
1005 975 1083 1014 illis
1113 975 1262 1014 bahbus
1294 976 1440 1015 secabit

211 1043 296 1070 tam
315 1029 527 1070 iecundum
552 1032 686 1070 locum
711 1031 1115 1085 centrorum,qu{1m
1137 1044 1349 1086 utrumque
1375 1033 1440 1072 in-

214 1089 496 1132 tervallorun13
522 1086 744 1141 dabitque
734 1102 777 1126 in
799 1087 870 1126 illo
901 1087 1064 1150 quidem
1087 1100 1293 1138 centrum,
1314 1104 1356 1127 1n
1379 1090 1440 1128 his

215 1143 339 1194 vero,
355 1145 640 1193 intervallum,
657 1157 764 1194 cujus
787 1143 1006 1193 beneficio,
1021 1157 1243 1197 inutraque
1262 1144 1442 1185 semidia-

214 1212 342 1240 metro
361 1202 442 1240 ΒΜ
457 1233 468 1250 ,
491 1202 520 1239 Β
540 1216 554 1240 1
568 1217 588 1240 2
599 1232 610 1250 ,
629 1176 859 1249 'invenietur
880 1176 1068 1254 punst'um
1081 1201 1118 1240 Z
1134 1232 1145 1250 ,
1159 1200 1225 1239 vel
1254 1215 1267 1240 1
1280 1215 1294 1240 1
1313 1215 1443 1255 ,quae-

215 1256 359 1298 fitum.·
974 1276 976 1278 ’
1239 1290 1242 1293 -
1319 1290 1323 1292 <
1373 1291 1376 1299 .

266 1315 314 1353 In
329 1313 405 1353 hac
422 1313 520 1353 vero
548 1311 718 1353 secunda
738 1312 1031 1352 construetione
1051 1311 1216 1353 unicum
1238 1325 1440 1365 centrum,

215 1369 310 1424 puta
327 1386 340 1410 1
352 1375 372 1412 8
386 1369 479 1410 dat
471 1386 513 1410 1n
526 1369 635 1410 ovali
649 1369 812 1409 unicum
825 1371 1013 1435 punctum
1028 1381 1120 1422 puta
1134 1372 1193 1414 V;
1209 1368 1318 1423 quod
1335 1348 1443 1412 iden}

213 1425 266 1466 de
287 1427 470 1466 omnibus
489 1427 575 1466 1liis
597 1441 736 1466 verum
753 1427 828 1470 est3
849 1440 940 1465 cum
963 1423 993 1464 ὲ
1006 1426 1234 1476 contrario,
1251 1441 1294 1466 m
1315 1427 1444 1480 prima

214 1484 507 1524 consti-afflone
524 1484 686 1541 unicum
705 1495 887 1522 cent-turn
897 1481 1129 1558 Qdeclerit
1145 1481 1235 1522 duo
1244 1485 1387 1537 puncta
1400 1486 1443 1524 X

218 1546 267 1580 &-
282 1542 334 1579 Υ.
419 1552 421 1554 ’
651 1552 654 1559 ’
737 1561 739 1564 ·
864 1572 866 1580 ,

275 1597 422 1650 Neque
449 1596 547 1636 vero
571 1572 887 1650 praetereundurn
916 1596 971 1634 est
989 1595 1195 1648 quomodo
1215 1596 1356 1645 talium
1379 1598 1442 1635 lo-

219 1665 357 1691 corum
387 1652 608 1698 beneficio,
632 1661 671 1695 &
690 1666 850 1702 centra,
874 1659 913 1692 &
936 1651 1174 1699 intervalla,
1196 1666 1241 1690 ac
1268 1651 1441 1705 denique

220 1710 363 1762 punfila
394 1708 633 1748 adrovalem
665 1708 905 1762 pertinentia
937 1705 1130 1746 facillime
1170 1707 1445 1749 inveniuntur:

220 1764 348 1818 Quod
379 1763 467 1804 sane
490 1765 532 1804 in
552 1765 678 1818 prima
695 1779 742 1803 ex
755 1763 903 1803 duabus
926 1763 1443 1817 praemiffisconstruffloni-

221 1820 291 1859 bus
307 1819 520 1875 praestitiffe
543 1820 708 1860 sufficiet
724 1839 733 1861 2
757 1821 853 1860 hinc
866 1821 982 1860 ‘enim
996 1851 1018 1869 ,>
1031 1819 1107 1873 qua
1127 1819 1285 1858 ratione
1302 1820 1442 1860 eadem

224 1877 433 1918 methodus
470 1876 520 1918 ad
543 1877 752 1917 secundam
773 1876 1105 1916 consti-unionem
1144 1876 1442 1916 accommodari

223 1933 358 1987 poffit,
382 1935 493 1975 illico
522 1935 683 1989 patebit.
716 1936 977 1995 Quaecunque
997 1945 1129 1972 autern
1149 1933 1255 1972 circa
1276 1936 1353 1973 tale
1378 1949 1442 1973 ar-

224 2001 458 2043 gumentum
481 1991 626 2031 dicturi
649 1991 801 2040 sumus,
820 2004 974 2044 praxnn
997 1989 1234 2046 respiciunt,
1257 2004 1341 2043 quae
1364 1991 1443 2030 hoc

225 2047 348 2087 modo
375 2047 684 2102 expeditiffima,
701 2056 740 2090 δε
761 2047 943 2087 certissin
944 2061 967 2085 a
981 2046 1093 2085 reddi
1107 2047 1244 2101 potest.

285 2105 503 2159 Descriptis
528 2118 625 2159 ergo
653 2103 867 2148 secundum
878 2103 1127 2160 praescriptas
1151 2104 1257 2156 leges
1281 2103 1346 2143 sex
1366 2101 1449 2142 cir-

1187 2158 1276 2211 Yij
