1915 2663
307 128 385 172 DE
418 126 838 172 R‘rsssorurxom
875 127 1290 178 AEQUArroNUM.
1359 148 1435 182 209

200 187 258 230 'fle
282 191 442 230 extenso
457 222 467 237 ‚
487 196 497 239 (
520 188 620 228 illud
640 201 772 227 autem
798 187 964 242 spatium
981 222 990 238 ‚
1006 189 1128 227 etiam
1151 192 1311 230 nemine
1328 194 1437 246 cogi-

203 257 336 296 tante,
361 247 404 286 in
429 260 560 285 rerum
578 257 719 284 natura
748 244 936 298 ponitur)
964 259 1165 299 ponuntur
1186 247 1315 286 statim
1340 251 1435 290 tales

205 302 501 357 magnitudines
519 301 562 340 in
583 301 655 340 tali
672 302 797 355 spatio
812 334 821 350 ‚
844 301 965 340 etiam
992 302 1153 341 nemine
1171 304 1376 357 cogitante
1393 313 1435 347 &

203 357 466 399 abstrahendo
493 358 541 397 ab
562 358 673 398 omni
695 371 806 398 motu
824 391 834 408 ‚
859 371 976 412 atque
996 373 1133 398 omnes
1158 358 1266 400 fimul
1287 361 1329 401 in
1349 361 1433 416 ipso

203 415 377 454 existunt
397 415 540 469 absque
567 415 679 454 omni
700 414 922 454 intellectus
943 414 1188 469 operatione.
1231 420 1288 456 At
1304 431 1433 458 motus

205 469 258 512 ad
284 471 364 511 hoc
390 471 554 512 inservit
576 505 586 522 ‚
609 485 653 510 ut
676 486 744 526 per
766 485 902 511 omnes
926 484 1052 525 partes
1084 471 1254 525 ipsarum
1275 475 1435 528 magni-

205 526 394 568 tudinum
422 529 670 568 intellecmm
702 525 907 567 succeffive
929 526 1208 582 perducendo,
1229 530 1344 570 illum
1372 529 1434 570 fa-

207 583 323 623 cilius
356 584 405 624 ad
425 584 654 625 earumdem
675 584 952 638 cognitionem
974 585 1189 639 pertrahat.
1232 586 1295 627 Sic
1326 587 1435 627 enim

205 655 456 695 comparatus
484 642 538 681 est
559 642 752 680 humanus
775 641 998 680 intelletskus
1015 674 1025 691 ‚
1054 654 1097 680 ut
1117 642 1185 681 vix
1206 643 1433 697 quippiam,

206 697 401 751 praecipue
424 698 450 736 fi
473 696 675 737 extensum
697 697 750 736 est
764 730 775 746 ,
800 696 911 736 fimul
931 712 975 736 ac
992 710 1120 736 totum
1138 699 1431 753 apprehendat,

208 753 276 793 sed
294 753 447 794 tantum
467 752 672 794 succeffiv&
694 768 738 793 ac
759 768 828 807 per
849 766 999 808 partes;
1025 753 1135 808 quod
1149 755 1238 794 sane
1251 756 1303 795 est
1321 771 1435 796 motu

205 809 452 851 intellectivo
476 812 630 850 moveri
652 825 719 865 per
742 812 821 850 tale
835 812 1036 850 extensum
1050 844 1061 861 ‚
1082 825 1155 850 nec
1172 824 1307 854 tamen
1328 813 1432 853 illud

205 880 319 906 motu
343 867 425 921 ipso
449 867 491 907 in
509 883 642 908 rerum
665 881 805 907 natura
828 868 989 922 ponitur
1003 901 1014 918 ‚
1028 867 1093 906 sed
1113 869 1269 910 tantum
1291 869 1435 911 eodem

205 923 416 963 mediante
440 924 680 979 intelligitur
702 958 713 974 ,
745 923 837 964 cum
864 923 968 978 prius
989 923 1133 978 absque
1152 927 1267 966 omni
1286 940 1400 966 motu
1422 959 1432 978 ‚

208 993 328 1035 atque
352 980 400 1020 ab
418 980 622 1021 intelleSm
641 980 957 1034 independenter
978 994 1140 1021 extaret.

269 1035 375 1076 Cum
403 1052 499 1091 ergo
521 1036 703 1077 Euclides
725 1037 913 1091 sphaeram
929 1071 939 1088 ,
951 1052 1118 1088 conum,
1131 1052 1176 1077 ac
1189 1038 1433 1092 cylindrum3

200 1093 302 1133 cflm
324 1094 564 1148 Apollonius
596 1093 841 1149 superficiem
867 1094 1073 1137 conicam;
1098 1094 1190 1134 curn
1220 1095 1437 1135 Archime-

199 1149 276 1189 ades
298 1150 562 1203 sphaero'idem
575 1182 586 1200 ‚
614 1149 831 1189 cono'idem
846 1183 856 1199 ‚
882 1157 922 1191 δε
950 1149 1097 1189 helices
1113 1170 1125 1195 ς
1144 1149 1235 1190 cum
1254 1151 1323 1190 alii
1337 1166 1438 1192 con-

208 1206 376 1246 cho'ides
388 1240 399 1257 ‚
423 1205 606 1246 ciffo'ides
619 1240 629 1257 ,
653 1205 922 1261 quadratrices
935 1239 945 1256 ‚
965 1206 1199 1246 trochoides
1214 1240 1224 1257 ‚
1238 1221 1356 1261 atque
1374 1209 1438 1248 in-

208 1278 392 1304 numeras
426 1263 617 1314 ejusmodi
652 1264 775 1303 lineas
803 1271 843 1306 &I
871 1263 1014 1317 figuras
1037 1279 1106 1318 per
1136 1277 1265 1304 motus
1290 1264 1439 1305 descri-

210 1320 329 1366 bunt3
354 1321 480 1361 immb
498 1320 665 1375 quidam
685 1320 832 1360 lineam
855 1322 1001 1360 seuam
1025 1335 1093 1374 per
1113 1333 1267 1360 motum
1280 1322 1436 1376 punc-ti,

208 1384 251 1419 δε
275 1377 469 1417 circulum
492 1393 559 1432 per
584 1391 739 1418 motum
759 1380 872 1417 rectae
895 1378 1033 1418 lineae:
1056 1378 1115 1417 illi
1140 1393 1277 1417 omnes
1301 1378 1349 1417 fic
1374 1378 1440 1418 in-

208 1433 420 1488 telligendi
452 1434 560 1485 sunt,
586 1448 631 1474 ut
659 1435 862 1475 voluerint
891 1434 1186 1489 magnitudines
1206 1435 1304 1489 ipsas
1329 1434 1436 1489 prius

210 1490 440 1541 existentes,
461 1491 603 1532 eodem
627 1492 750 1532 modo
771 1507 851 1546 quo
881 1491 902 1531 Ξι
924 1493 961 1531 se
986 1492 1317 1546 conciperentur,
1335 1492 1438 1531 alio-

207 1561 298 1587 tum
322 1547 542 1588 intellectui
562 1563 761 1603 exponere
773 1582 783 1598 ,
798 1548 862 1587 seu
889 1547 1115 1591 ostendere3
1132 1548 1241 1600 quod
1256 1547 1347 1587 cii-m
1361 1547 1437 1586 ali-

209 1615 269 1642 ter
287 1601 444 1643 facilius
463 1620 547 1649 non
568 1604 742 1658 possent,
757 1606 835 1644 hoc
862 1604 985 1650 modo
1001 1618 1068 1657 per
1086 1616 1236 1652 motus,
1263 1605 1327 1643 vel
1345 1604 1437 1643 sim-

208 1660 334 1715 plices
349 1693 360 1711 ‚
383 1661 447 1700 vel
465 1660 702 1715 compositos
726 1660 897 1700 omnino
921 1659 1093 1699 feliciter
1113 1657 1345 1700 effecerunt.

267 1715 441 1767 Rursus,
462 1717 572 1771 quod
593 1716 773 1771 quaedam
786 1717 899 1756 lineae
920 1730 987 1756 aut
999 1715 1179 1770 quaedam
1192 1716 1411 1770 superficies
1425 1724 1440 1767 ,‘

210 1773 408 1814 beneficio
439 1773 790 1813 instrumentorum
819 1773 1146 1813 mechanicorum
1169 1772 1324 1812 facilius
1353 1773 1436 1813 des-

212 1830 415 1870 cribantur
426 1863 438 1881 ,
451 1829 631 1884 quaedam
642 1829 843 1869 difficilius
855 1863 865 1880 ,
879 1829 920 1869 id
933 1845 1015 1870 non
1028 1827 1126 1869 facit
1139 1843 1182 1869 ut
1198 1830 1275 1869 illae
1288 1831 1412 1884 magis
1427 1865 1437 1881 ‚

211 1887 276 1928 hae
294 1885 422 1926 mincis
447 1887 520 1927 fint
543 1887 795 1941 geometricae
819 1906 827 1927 ε
853 1886 1045 1938 ejusmodi
1062 1887 1171 1926 enim
1197 1887 1439 1927 mechanica:

212 1943 498 1997 descriptiones
516 1944 671 1997 praxim
692 1944 932 1998 respiciunt,
956 1953 996 1986 δέ
1021 1943 1071 1983 ad
1101 1943 1226 1983 sensus
1254 1957 1436 1984 externos

216 1999 442 2041 referuntur
454 2033 465 2050 ,
482 2015 568 2039 non
587 2014 720 2040 autem
743 2001 792 2040 ad
807 2016 945 2055 puram
962 2001 1237 2041 Geometriam
1248 2033 1259 2048 ‚
1275 2015 1361 2055 quae
1373 2033 1384 2052 ,
1395 2013 1441 2040 ut

214 2055 316 2111 saepe
339 2055 510 2096 diximus
525 2089 536 2106 ,
557 2057 683 2097 solum
704 2056 864 2112 respicit
887 2058 1147 2099 'nuelleftum

259 2122 343 2168 grec.
358 2115 402 2155 de
417 2115 566 2157 l’Acad.
578 2123 681 2155 Tom.
697 2121 755 2155 VIe
1235 2111 1315 2156 Del
