1915 2663
778 159 851 197 433

663 252 955 302 corollarium.

306 380 341 421 A
356 394 380 420 T
394 393 414 420 Ε
432 394 457 419 τ
485 391 617 419 autem
629 375 839 421 manifesto
852 379 982 433 pofitis
997 379 1110 419 reikis
1123 380 1197 420 BH
1209 413 1219 430 ‚
1234 381 1260 419 Β
1275 395 1302 432 7
1316 413 1325 430 ‚
1343 381 1399 431 134
1413 412 1423 429 ,

210 452 214 470 2
304 439 389 486 BY·‚
400 444 477 478 δίε.
490 435 679 476 continue
692 436 1067 491 proportionalibus,
1081 443 1121 478 δε
1135 436 1236 476 fasta
1248 437 1424 476 constru-

206 495 338 533 ctione
363 492 662 544 eadem‚dividi
684 506 812 532 totum
828 492 997 532 solidum
1018 493 1317 546 hyperbolicum
1330 493 1400 532 FG
1414 526 1425 542 ,

205 549 284 589 ED
302 550 344 590 in
367 550 570 604 portiones
589 548 780 590 continue
797 549 1109 607 proportionales
1123 550 1165 589 in
1188 548 1326 590 eadem
1336 549 1426 602 qui-

198 604 299 646 dem
312 638 323 653 ‚
337 606 402 646 sed
413 606 567 647 inversa
578 606 733 646 ratione
747 607 940 645 redarum
953 605 1123 659 ipsarum
1137 607 1211 646 BH
1225 639 1235 655 ‚
1252 607 1279 644 B
1291 621 1330 656 7,
1346 607 1403 655 134
1414 638 1424 654 ‚

208 669 285 704 δίε.
306 678 391 718 quae
417 663 618 717 portiones
639 675 753 702 erunt
776 662 846 700 FG
865 666 884 702 8
901 669 944 711 6,
967 671 987 702 6
1005 667 1023 702 8
1046 678 1060 714 5
1081 678 1096 714 3
1116 695 1126 711 ,
1158 679 1172 714 3
1193 663 1324 714 5ZX,
1347 668 1423 702 δίε.

204 719 300 773 quia
326 720 394 773 qui
412 720 498 774 ipfis
521 718 768 774 portionibus
787 718 954 771 aequales
974 731 1089 757 erunt
1111 717 1306 772 cylindri,
1331 732 1425 770 pro-

206 776 448 829 portionales
469 788 584 816 erunt
609 774 652 815 in
678 774 834 815 ratione
853 774 1072 828 propofira,
1094 789 1179 828 quae
1205 774 1424 828 proprietas

206 831 353 871 eximia
378 833 442 873 est.

263 888 445 929 Secunde>
471 888 736 942 intelligamus
754 886 922 926 solidum
941 886 1242 941 hyperbolicum
1257 888 1326 925 BA
1341 901 1426 926 ver-

115 989 126 999 ·
198 943 264 984 sus
287 947 324 985 A
344 944 501 985 infinite
522 945 756 999 productum
778 941 876 993 esse,
899 956 1017 997 atque
1043 942 1150 982 idem
1173 942 1294 982 secari
1322 957 1424 996 quo-

204 1000 264 1041 vis
287 1003 405 1056 plano
431 1018 445 1054 3
470 1018 486 1054 5
510 1001 559 1040 ad
581 1003 727 1042 rectam
749 1003 819 1040 ΒΑ
839 1001 969 1039 emero
992 999 1034 1039 in
1056 1000 1200 1054 punito
1214 1017 1262 1051 4,
1284 1013 1328 1039 ac
1343 999 1422 1038 cir-

129 1091 134 1094 .
199 1059 340 1097 culum
362 1058 623 1098 constituente
644 1059 750 1109 cujus
777 1056 969 1096 diameter
993 1073 1008 1108 3
1031 1073 1072 1109 5³
1099 1069 1184 1095 tum
1212 1056 1320 1109 super
1348 1056 1423 1095 hac

203 1113 297 1153 base
310 1148 320 1165 ,
338 1114 486 1154 circulo
503 1131 518 1167 3
542 1132 557 1167 5
575 1148 585 1165 ‚
599 1115 678 1154 esto
690 1113 889 1168 cylindrus
914 1129 926 1164 3
941 1129 956 1165 5
976 1129 1027 1163 24
1045 1129 1086 1164 23
1103 1144 1113 1162 ,
1130 1113 1237 1163 cujus
1255 1111 1422 1151 altitudo

194 1169 251 1209 rfit
272 1172 300 1209 B
315 1188 341 1223 4
365 1190 373 1210 ε
397 1170 489 1211 dico
511 1173 631 1211 talem
653 1169 874 1225 cylindrum
901 1171 1091 1222 aequalem
1113 1169 1188 1207 effe
1206 1168 1332 1208 solido
1349 1169 1423 1223 hy-

201 1227 412 1279 perbolico
436 1228 545 1282 super
564 1227 643 1267 basi
670 1244 684 1281 3
707 1243 722 1280 5
745 1226 982 1275 constituto,
1011 1238 1130 1279 atque
1151 1224 1308 1265 infinite
1334 1239 1425 1265 ver-

195 1280 266 1323 sus
288 1286 327 1323 A
348 1285 520 1324 extenso.

193 1366 197 1369 -
261 1335 370 1379 Alias
383 1373 394 1390 ‚
416 1342 480 1380 vel
501 1339 701 1395 cylindrus
719 1340 842 1390 major
860 1339 914 1378 est
927 1337 1075 1388 solido,
1088 1340 1151 1378 vel
1164 1338 1308 1378 minor.
1335 1337 1424 1377 Esto

198 1396 374 1451 primum
395 1397 545 1447 major,
572 1397 598 1435 fi
625 1396 710 1435 fieri
735 1395 882 1450 potest,
909 1403 949 1436 Sc
975 1394 1146 1434 excessus
1167 1395 1246 1433 esto
1268 1394 1427 1448 magni-

201 1453 303 1492 mdo
330 1470 401 1505 25,
425 1454 479 1493 ita
502 1467 546 1492 ut
572 1453 740 1492 solidum
764 1452 1064 1505 hyperbolicum
1086 1450 1164 1489 una
1185 1465 1276 1490 cum
1300 1451 1425 1504 spatio

209 1509 524 1562 25·intelligatur
546 1511 692 1563 aequale
710 1506 785 1547 esse
802 1506 984 1560 cylindro
1002 1506 1200 1560 proposito
1222 1522 1236 1558 3
1263 1522 1278 1557 5
1299 1522 1348 1557 24
1364 1523 1424 1558 23.

205 1566 296 1609 Jam
318 1565 560 1619 intelligatur
584 1564 784 1618 cylindrus
806 1562 968 1617 quidam
995 1563 1101 1611 cujus
1133 1561 1301 1600 altitudo
1330 1564 1358 1601 B
1373 1579 1399 1613 4
1413 1595 1424 1611 ,

203 1620 496 1661 semidiameter
516 1621 612 1660 vero
631 1621 724 1660 basis
751 1621 852 1677 PQ
866 1619 921 1657 ita
942 1631 984 1657 ut
1003 1618 1069 1657 hic
1083 1616 1281 1671 cylindrus
1296 1618 1426 1657 minor

205 1677 254 1716 fit
274 1678 397 1731 spatio
424 1695 470 1729 25
494 1695 501 1717 :
528 1677 571 1716 fit
597 1690 728 1716 autern
754 1673 1182 1730 PQperpendicularis
1199 1673 1427 1724 ad·BA‚at-

201 1748 283 1787 que
304 1734 507 1784 interjecta
530 1734 631 1773 inter
666 1732 945 1787 hyperbolam,
967 1738 1007 1772 δέ
1031 1729 1295 1784 affymptoton
1311 1764 1321 1781 ‚
1348 1731 1425 1769 hoc

204 1789 315 1830 enirn
337 1789 422 1830 fieri
446 1790 581 1844 potest.
625 1790 733 1828 Tum
753 1788 821 1828 fiat
845 1800 887 1826 ut
907 1789 934 1826 B
950 1804 975 1838 4
1001 1786 1052 1826 ad
1071 1788 1171 1839 BQ,
1194 1786 1250 1825 ita
1277 1789 1365 1842 BQ
1377 1785 1427 1825 ad

206 1847 280 1886 BA
296 1879 307 1897 ‚
332 1855 372 1889 δε
393 1844 809 1890 terminetursolidum
822 1843 1282 1897 hyperbolicumcirculo
1299 1842 1426 1883 DAE.

209 1901 298 1941 Erit
327 1917 422 1957 ergo
451 1918 499 1942 ex
527 1901 878 1956 praedernonstratis
915 1899 1081 1938 solidum
1109 1916 1124 1950 3
1148 1901 1255 1949 5ED
1279 1901 1427 1952 aequale

130 1967 138 1974 ·
208 1957 392 2011 cylindro
419 1958 636 1998 altitudinis
667 1961 741 2009 A4
759 1991 768 2007 ,
792 1956 885 1996 bafis
907 1956 1004 1995 vero
1031 1954 1310 1994 semidiametri
1340 1956 1424 2010 PQ

209 2013 420 2054 Addantur
452 2015 659 2067 inaequalia
682 2035 691 2059 ς
716 2013 839 2053 solido
860 2011 1020 2066 quidem
1036 2044 1046 2061 ‚
1068 2011 1234 2065 spatium
1258 2028 1277 2050 2
1298 2028 1336 2062 53
1359 2025 1426 2064 cy-

208 2069 342 2113 lindro
363 2071 458 2111 vero
472 2104 482 2120 ‚
506 2072 603 2109 alter
623 2069 823 2123 cylindrus
846 2067 1064 2109 altitudinis
1082 2069 1109 2107 B
1123 2084 1171 2119 4,
1193 2074 1233 2107 ἄ
1257 2065 1427 2117 ejusdem

268 2136 351 2171 Res.
375 2129 420 2169 de
435 2128 583 2168 l'Acad.
599 2136 710 2167 Teme
722 2134 784 2168 VI.
1195 2122 1264 2162 Ili
