1915 2663
567 174 643 213 DE
701 173 1088 220 Taoeuoxnr„
1353 182 1422 224 363

256 236 380 276 Rem
400 248 484 288 quae
508 232 753 273 Trochoidis
773 233 884 283 hujus
904 247 1079 273 extrema
1103 234 1245 286 puncta
1263 233 1394 287 jungit
1408 267 1418 283 ,

202 292 335 346 estque
357 294 420 331 vel
443 291 508 330 via
529 303 623 329 rotae
645 323 656 340 ‚
683 292 746 330 vel
769 290 805 329 ei
829 291 1012 344 parallela
1026 323 1036 340 ,
1065 288 1218 330 dicatur
1241 292 1424 329 Trochoi-

202 350 266 390 dis
293 348 456 402 ejusdem
476 346 579 399 basts.
613 347 751 387 Portio
772 347 885 386 lineae
907 346 1030 387 medii
1052 345 1180 386 motus
1203 346 1424 400 intercepta

202 405 306 445 inter
325 402 578 443 trochoidem
602 410 642 445 &
668 403 787 444 basim
806 404 885 453 ejus
900 439 910 455 ‚
936 409 1026 444 axis
1054 402 1280 443 Trochoidis
1302 419 1423 444 voca-

204 461 330 504 bitur3
361 460 429 514 qui
445 459 608 514 quidem
632 462 714 501 axis
732 461 780 500 ab
805 460 949 500 itinere
965 460 1094 501 centri
1110 458 1295 500 bifariam
1323 461 1429 501 seca-

203 517 308 556 bitur
331 516 372 556 in
404 519 551 572 puncto
572 516 680 572 quod
701 533 772 558 nos
796 529 962 557 centrum
985 516 1196 556 trochoidis
1223 531 1427 572 nuncupa-

203 586 302 614 mus.
338 582 478 613 Vertex
499 587 630 614 autem
650 574 861 614 trochoidis
880 574 934 613 est
959 587 1180 614 extremum
1203 574 1283 613 axis
1305 589 1430 628 punc-

203 642 291 671 tum
313 630 356 670 in
379 630 590 671 trochoide
614 631 802 680 existens,
825 630 889 670 seu
909 630 986 670 basi
1006 630 1239 685 oppofitum.

265 688 353 731 Iam
382 686 634 727 manifestum
655 687 708 726 est
733 686 755 727 Ξι
773 687 986 726 trochoide
1014 695 1054 729 δε
1086 688 1134 727 ab
1160 686 1333 737 ejusdem
1356 688 1432 727 basi

203 743 494 798 comprehendi
517 744 682 799 spatium
707 742 912 797 quoddam
929 746 1111 798 planum3
1134 744 1243 797 quod
1265 759 1334 784 nos
1359 759 1431 798 po-

206 801 285 841 stea
301 801 529 842 vocabimus
537 804 708 855 spatium
727 801 951 841 trochoidis.
987 801 1077 850 Ejus
1091 813 1273 840 centrum
1286 834 1296 851 ,
1309 801 1404 840 bafis
1419 832 1429 850 ,

203 857 289 897 axis
313 865 353 899 δε
375 870 511 897 vertex
534 856 659 897 iidem
682 858 752 911 qui
773 856 995 898 trochoidis
1019 856 1306 911 intelligantur.

263 916 526 968 Quaecunque
551 916 656 954 recta
676 915 724 954 ab
744 915 878 968 aliquo
906 915 1051 968 puniit-o
1072 913 1295 953 trochoidis
1316 912 1430 953 duci-

205 983 269 1010 tur
289 970 409 1024 usque
431 970 481 1011 ad
498 985 610 1010 axem
633 972 820 1026 parallelo.
840 970 913 1012 viae
934 984 1050 1020 rotae,
1073 969 1228 1010 dicatur
1248 970 1302 1009 ad
1320 986 1429 1010 axem

207 1028 402 1068 ordinata.

266 1084 368 1124 Item
381 1117 392 1134 ,
412 1083 593 1123 mensura
615 1083 763 1138 integri
784 1083 912 1124 motfis
932 1083 1200 1124 converfionis
1215 1096 1309 1122 rotae
1321 1083 1437 1123 intel-

208 1139 356 1193 ligatur
375 1154 459 1180 tota
480 1139 803 1181 circumferentia
824 1153 918 1179 rotae
938 1159 945 1180 :
972 1139 1155 1180 mensura
1174 1139 1333 1180 dimidii
1356 1155 1440 1179 mo-

212 1195 275 1236 tfis
293 1196 540 1251 intelligatur
562 1196 729 1237 dimidia
748 1196 1095 1241 circumferentia3
1112 1204 1152 1239 &t
1166 1196 1214 1236 fic
1229 1197 1271 1236 in
1283 1196 1440 1236 univer-

210 1251 296 1292 sum
317 1253 496 1294 mensura
520 1254 686 1304 cujusvis
707 1254 827 1309 partis
840 1253 970 1294 motus
983 1267 1078 1294 rotae
1099 1254 1344 1308 intelligatur
1365 1251 1440 1292 effe

210 1323 326 1350 arcus
361 1308 692 1350 circumferentiae
721 1310 891 1361 ejusdem
916 1324 1012 1350 rotae
1035 1344 1045 1361 ‚
1066 1310 1135 1365 qui
1161 1308 1211 1350 ad
1241 1310 1441 1365 integram

209 1365 582 1407 circumferentiam
609 1367 778 1408 eandem
801 1368 945 1407 habeat
970 1368 1193 1417 rationem,
1211 1382 1330 1422 quam
1352 1381 1440 1422 pars

208 1422 344 1465 morsis
366 1422 557 1478 assumpta
580 1423 630 1464 ad
649 1438 803 1464 motum
822 1424 1091 1464 converfionis
1116 1424 1294 1478 integrae.

245 1481 451 1532 Praeterea,
463 1481 489 1520 fi
499 1482 603 1521 circa
618 1496 733 1522 axem
744 1480 964 1521 trochoidis
977 1494 1169 1534 tanquam
1180 1482 1286 1521 circa
1297 1479 1445 1520 diame-

217 1545 382 1587 trum,&
393 1538 499 1578 circa
510 1538 681 1589 ejusdem
691 1536 914 1578 trochoidis
928 1550 1109 1577 centrum
1120 1538 1290 1577 circulus
1303 1536 1444 1577 descri-

214 1593 332 1633 batur
347 1627 358 1644 ,
371 1594 401 1634 is
415 1595 490 1634 erit
509 1597 574 1636 vel
594 1609 682 1635 rota
701 1594 782 1649 ipsa
794 1627 805 1644 ‚
826 1595 889 1635 vel
901 1592 1040 1633 eadem
1059 1594 1184 1644 major
1205 1606 1273 1632 aut
1289 1593 1421 1633 minor
1434 1627 1445 1644 ,

218 1664 338 1704 prout
349 1651 660 1705 punstum‚quod
668 1650 922 1691 trochoidem
934 1649 1146 1705 descripsit,
1155 1650 1354 1704 sumptum
1365 1648 1448 1690 fue-

216 1707 274 1749 1it
283 1709 345 1748 vel
355 1708 397 1747 in
408 1707 731 1748 circumferentia
742 1721 851 1758 rotae,
865 1709 928 1748 vel
940 1720 1050 1747 extra
1060 1708 1122 1747 vel
1136 1707 1241 1747 intra
1253 1706 1375 1761 ipsam
1386 1722 1448 1747 ro-

214 1776 314 1804 tam.
348 1766 397 1804 Et
419 1765 609 1818 siquidem
632 1766 801 1805 circulus
823 1765 903 1819 ipse
926 1764 970 1804 fit
991 1777 1085 1804 rotae
1107 1764 1286 1818 aequalis,
1302 1763 1367 1803 seu
1380 1779 1447 1803 ro-

219 1832 260 1860 ta
281 1821 385 1875 ipsa;
408 1834 502 1861 tunc
524 1822 605 1876 ipsa
632 1820 862 1862 trochoides
887 1820 1212 1861 denominabitur
1226 1820 1247 1860 Ξι
1263 1833 1351 1860 rota
1365 1820 1448 1861 fim-

221 1877 337 1930 plici,
361 1877 596 1934 diceturque
617 1879 832 1920 trochoides
850 1892 935 1918 rotae
948 1879 1136 1934 stmplicis
1154 1912 1165 1929 ‚
1191 1878 1256 1917 seu
1280 1877 1448 1918 trochoi-

219 1934 288 1973 des
318 1951 414 1974 verae
434 1949 532 1976 νοω.
587 1936 627 1976 Si
648 1949 779 1976 autem
799 1935 879 1989 ipse
903 1936 1072 1976 circulus
1096 1935 1203 1975 circa
1223 1949 1338 1974 axem
1364 1948 1449 1974 tro-

220 1990 380 2031 choidis
413 1991 628 2047 descriptus
652 1993 777 2044 major
803 1993 846 2031 slt
870 1993 987 2047 quarn
1007 2005 1119 2043 rota,
1145 2005 1241 2031 tunc
1267 1992 1450 2031 trochoi-

219 2045 292 2087 des
332 2047 656 2090 denominabitur
681 2049 703 2090 ὲ
723 2051 810 2090 rota
839 2051 1070 2100 contrac‘ffi,
1106 2048 1340 2102 diceturque
1368 2060 1451 2088 tro-

227 2104 380 2146 choides
402 2119 486 2147 rotae
509 2111 715 2147 contradic.
750 2106 791 2147 Si
813 2107 976 2148 tandem
997 2107 1166 2147 circulus
1180 2105 1313 2146 minor
1329 2104 1373 2145 fit
1388 2105 1450 2160 ip-

1133 2162 1257 2210 Zzij
