1915 2663
293 186 370 225 DE
404 182 811 223 Rrsorumour,
842 170 1269 226 AEQUAT10NUM.
1332 192 1408 233 ¹51

181 249 327 291 'ordine
348 247 473 304 priori
492 245 634 287 diverfi
655 263 663 285 ε
693 244 761 284 fiet
783 242 1001 283 necessario
1027 257 1069 282 ut
1090 246 1162 284 tali
1194 247 1413 301 superficiei

185 308 275 349 talis
287 305 502 347 conveniat
520 304 740 358 proprietas
754 335 764 353 ,
782 315 902 356 quam
914 300 956 340 in
969 301 1048 340 hoc
1061 302 1276 343 undecimo
1287 319 1416 346 exem-

182 367 253 420 plo
267 362 500 405 sectionibus
512 360 664 400 conicis
678 358 896 399 convenire
911 357 1082 399 diximus
1095 392 1108 410 ,
1129 360 1172 400 in
1192 361 1348 402 ratione
1361 376 1416 403 ta-

184 436 280 464 men
293 418 588 474 inaequalitatis.

256 477 342 518 Hic
375 476 473 517 vero
512 476 555 516 in
586 473 814 515 universum
847 486 924 514 tres
962 471 1050 512 sunt
1084 474 1202 515 casus.
1262 476 1417 520 Primus

183 533 265 586 est,
295 533 388 574 cum
410 532 512 573 radii
538 533 607 587 qui
639 545 732 572 ante
753 530 1034 571 refrafflonem
1061 543 1175 570 erant
1204 534 1383 586 paralleli
1409 568 1420 586 ,

182 592 271 648 post
305 589 588 632 refrauionem
612 588 712 629 fiunt
739 587 869 628 adhuc
894 587 1099 642 paralleli,
1125 586 1189 627 sed
1213 586 1370 630 diverso
1399 591 1421 631 ὲ

181 648 309 705 priori
327 647 612 704 parallelismo;
640 645 709 699 qui
730 643 893 699 quidem
907 644 1014 684 casus
1038 643 1089 684 ad
1110 645 1191 684 sola
1204 644 1418 688 refrac'tiva

181 708 303 762 plana
316 706 488 761 pertinet
501 737 511 753 ,
526 718 598 743 nec
622 700 839 741 admodum
858 701 965 740 utilis
983 702 1048 742 est.
1084 701 1285 743 Secundus
1309 704 1417 745 casus

183 764 240 804 est
259 797 270 814 ‚
295 761 387 803 cum
418 760 520 801 radii
552 759 621 814 qui
651 772 743 798 ante
771 756 1054 798 refraffionem
1078 772 1191 798 erant
1213 761 1418 814 paralleli,

181 821 270 876 post
297 817 580 859 refractionem
612 815 662 856 ad
693 814 801 856 idem
832 817 1021 870 punctum
1049 814 1322 862 inclinantur3
1352 820 1417 858 vel

180 875 323 916 contra
336 909 347 927 ,
361 875 534 930 quiante
547 870 829 914 refractionem
843 872 893 912 ad
907 872 1015 912 idem
1035 874 1225 927 pun&um
1242 873 1416 914 inclina-

161 933 327 976 ‚bantur
341 966 352 984 ,
369 933 454 987 post
476 932 576 972 fiunt
600 931 779 986 paralleli
796 951 804 975 ;
820 930 889 985 qui
904 929 1011 969 casus
1033 928 1081 968 ad
1106 929 1272 984 ellipfim
1295 932 1419 985 perti-

181 1003 254 1032 net
290 1003 409 1045 atque
434 988 484 1029 ad
506 989 767 1043 hyperbolam
782 1022 792 1038 ‚
814 987 955 1041 quibus
986 987 1205 1041 proprietas
1226 987 1296 1026 illa
1319 1003 1420 1028 con-

184 1047 299 1089 venit
310 1047 354 1086 in
366 1046 521 1086 ratione
534 1045 814 1099 inaequalitatis
828 1078 838 1095 ,
855 1059 936 1083 non
954 1057 1087 1082 autem
1100 1042 1150 1083 ad
1165 1044 1393 1098 parabolam
1407 1077 1422 1097 7

183 1105 252 1145 cui
281 1104 364 1158 ipsa
387 1103 579 1143 convenit
601 1103 644 1142 in
665 1102 822 1141 ratione
847 1100 1093 1154 aequalitatis.
1128 1101 1290 1140 Tertius
1312 1102 1422 1142 casus

185 1162 241 1201 est
255 1193 265 1210 ‚
286 1159 378 1199 cum
396 1160 498 1199 radii
511 1160 580 1213 qui
600 1171 692 1197 ante
711 1156 995 1196 rofi-afflonem
1014 1156 1065 1195 ad
1084 1172 1207 1196 unum
1231 1161 1421 1211 punc'kum

183 1215 482 1258 inclinabantur
494 1249 504 1266 ,
519 1216 603 1270 post
617 1212 899 1255 refractionem
909 1211 958 1252 ad
971 1228 1094 1253 unum
1110 1213 1219 1253 aliud
1231 1217 1421 1269 punitum

184 1272 454 1319 inclinantur-3
477 1273 546 1328 qui
560 1273 667 1312 casus
689 1269 905 1325 aliquando
930 1269 980 1310 ad
1007 1269 1253 1325 superficiem
1268 1270 1421 1326 spheri-

185 1346 274 1373 cam
301 1330 474 1386 pertinet
486 1364 496 1381 ‚
521 1329 641 1369 sedin
656 1328 791 1384 aliquo
814 1326 971 1368 tantum
988 1328 1078 1368 casu
1093 1327 1310 1369 admodum
1329 1345 1424 1384 par-v

186 1389 346 1429 ticulari
362 1421 371 1435 ‚
396 1387 489 1428 alias
512 1387 620 1427 enim
645 1401 689 1426 ac
721 1385 847 1426 multo
869 1385 995 1439 magis
1013 1384 1289 1426 universaliter
1304 1419 1313 1437 ,
1338 1387 1419 1440 ipse

186 1446 363 1502 pertinet
380 1444 429 1485 ad
443 1445 537 1485 alias
552 1442 771 1499 superficies
789 1442 838 1483 de
853 1442 993 1497 quibus
1007 1443 1049 1485 in
1063 1444 1248 1498 exemplo
1262 1442 1424 1498 sequen-

186 1504 222 1545 ti
241 1503 385 1543 dietari
409 1502 550 1543 sumus.

241 1559 465 1615 Quomodo
479 1573 609 1600 autem
630 1558 819 1599 secundus
840 1557 947 1597 casus
968 1556 1019 1597 ad.
1041 1556 1205 1611 ellipfim
1226 1556 1423 1611 pertineat

184 1618 254 1658 vel
279 1616 329 1657 ad
351 1618 609 1673 hyperbolam
625 1649 635 1666 ‚
656 1630 746 1666 aut,
774 1614 883 1670 quod
906 1614 1165 1654 universalius
1187 1614 1262 1663 est,
1288 1612 1338 1652 ad
1359 1613 1422 1652 su-

187 1673 394 1729 perficiem
413 1673 634 1728 sphero'idis
652 1674 715 1711 vel
739 1670 926 1712 cono'l'dis
951 1668 1226 1725 hyperbolici,
1250 1684 1335 1723 quae
1360 1669 1423 1709 su·-

188 1730 370 1785 perficies
390 1730 438 1770 ab
454 1730 540 1785 ipsis
555 1728 678 1782 ellipfi
691 1731 753 1768 vel
768 1728 985 1783 hyperbol&
1002 1727 1108 1766 circa
1123 1725 1208 1766 suos
1226 1741 1315 1765 axes
1331 1741 1424 1766 con-

188 1787 307 1827 verfis
330 1787 548 1841 gignuntur
578 1805 586 1826 ε
609 1800 691 1825 non
713 1786 856 1825 inutile
886 1785 962 1824 erit
983 1784 1062 1822 hoc
1083 1785 1176 1822 loco
1203 1781 1418 1824 declarare.

189 1843 360 1884 Posthac
391 1845 499 1884 enim
512 1876 522 1891 ,
546 1842 725 1897 sequenti
745 1843 953 1896 exemplo,
971 1838 1184 1894 quomodo
1202 1841 1339 1881 tertius
1354 1855 1423 1881 ca-

188 1899 252 1950 sus
266 1900 318 1941 ad
337 1901 432 1941 alias
450 1899 670 1957 superficies
694 1899 911 1953 pertineat,
927 1898 1160 1953 aperiemus
1192 1937 1195 1940 ,

252 1959 301 1997 In
324 1958 449 2012 figura
470 1958 610 2012 ellipsis
629 1958 691 1997 vel
707 1957 931 2011 hyperbolae
945 1953 1149 1995 undecimi
1162 1954 1275 2004 hujus
1290 1969 1422 1994 exem-

190 2014 275 2070 pli,
292 2014 445 2070 sumpto
468 2017 510 2055 in
533 2015 703 2055 seffione
727 2014 867 2067 quovis
890 2014 1034 2068 pumero
1056 2012 1106 2063 F,
1127 2012 1203 2066 qua
1224 2025 1334 2065 parte
1354 2012 1426 2052 illa

195 2071 316 2111 sefflo
331 2074 456 2125 magis
476 2072 592 2112 distat
606 2072 626 2112 Ξι
640 2069 733 2110 foco
749 2073 776 2110 B
787 2104 798 2121 ‚
815 2070 1033 2124 eademque
1045 2069 1188 2109 vertici
1206 2071 1241 2107 A
1259 2069 1429 2123 propior

193 2128 252 2178 est
262 2160 275 2179 ,
290 2136 332 2172 δε
351 2127 455 2171 faita
473 2128 763 2170 construfflone
785 2141 829 2170 ut
855 2126 1026 2172 ibidem-3
1054 2126 1294 2182 producatur
1316 2127 1427 2166 reeta,
