1915 2663
366 120 439 158 DE
475 118 887 158 Rnsownown
922 115 1336 166 AEQUAUONUM.
1396 134 1469 161 211

242 183 333 229 sita,
358 182 479 223 modo
504 183 599 222 talia
618 181 749 221 media
766 181 838 221 sint
861 181 965 221 clar&
986 196 1030 221 ac
1043 181 1222 223 distincte
1239 199 1334 225 nota
1350 201 1472 242 ,qu-i-

240 242 294 280 lia
315 240 400 280 sunt
421 254 506 294 quae
528 238 733 293 principiis
756 254 899 302 ‘pureg
877 239 1129 278 ‹rcomctricis
1146 240 1397 290 innituntur,
1415 258 1470 283 ita

240 311 285 336 ut
301 297 348 337 ab
369 295 560 348 ejusmodi
578 296 783 351 principiis
804 296 1059 350 incipiend0‚
1078 304 1119 338 &t
1145 313 1212 352 per
1235 298 1367 338 media
1392 301 1471 355 ipsa

239 353 571 409 progrediendo,
594 353 757 393 tandein
783 352 832 393 ad
863 353 1175 408 intelligentiam
1204 355 1314 395 illam
1348 356 1470 397 dexe-

239 425 420 451 niamus:
450 424 602 451 certum
623 411 676 450 est
699 409 866 450 eandem
891 409 978 450 fore
1002 409 1239 465 perfectam,
1255 414 1382 453 necin
1399 429 1470 470 gc-

229 481 334 507 nere
362 467 723 522 intelligentiarum
744 482 811 508 aut
823 467 1078 507 scientiarum
1091 466 1395 521 ‚perfectiorem
1414 469 1472 511 fo-

237 538 281 564 re
303 524 422 565 aliam
435 541 710 581 ,quamquam
732 523 978 565 facilioiibus
993 538 1060 564 aut
1076 501 1378 579 limpliciotibus
1392 543 1472 568 rne-

233 580 313 622 diis
336 582 578 645 acquisitam.
617 586 750 636 Atque
774 581 942 621 omnino
968 596 1046 621 una
1068 581 1287 636 eademque
1316 584 1469 623 intelli-

237 651 375 692 gentia
409 639 474 679 leu
505 639 667 679 scientia
694 639 774 689 est,
805 637 869 678 sed
893 638 1052 678 diversis
1077 638 1216 678 mediis
1248 640 1464 694 acquifita;

237 709 324 749 qua:
348 696 504 746 media,
530 696 555 735 fi
575 694 761 735 faciliora
783 708 850 734 aut
872 694 1111 749 simpliciora
1132 695 1226 746 sint,
1247 699 1309 736 vel
1336 696 1465 748 secus,

229 752 316 792 -hoc
343 767 390 792 ex
416 729 623 793 debilitate
650 753 873 792 intellectus
899 752 1067 792 humani
1098 753 1360 806 repetendum
1383 755 1464 799 est;

234 808 332 849 alias
354 810 485 860 enim,
507 810 533 849 fi
554 808 729 864 perfecta
750 807 846 849 ess'et
864 809 1039 849 humana
1053 809 1309 864 intelligendi
1323 824 1465 865 poten-

237 865 322 917 tia,
344 880 439 907 tunc
466 869 531 907 vel
560 865 700 907 mediis
722 882 805 906 non
827 881 1055 920 egeremus,
1077 868 1139 906 vel
1162 866 1269 906 certe
1292 875 1331 908 ὃς
1356 869 1466 921 prin-

231 922 341 977 cipia
362 924 630 978 cognitionis,
651 932 693 966 &
712 900 875 963 mediat³
868 923 1026 973 omnia,
1048 921 1114 961 sed
1131 930 1171 964 &
1186 923 1311 977 ipsam
1323 924 1466 978 cogni-

236 979 391 1019 tionem
413 995 494 1020 uno
518 981 687 1031 intuitu,
712 982 824 1020 nullo
847 995 1003 1034 prorsus
1026 979 1163 1018 labore
1186 981 1375 1033 nullaque
1375 957 1470 1020 Odif-

234 1033 427 1132 Ξὶἓιὴειεε
444 1037 710 1088 haberemus,
741 1051 816 1077 nec
853 1036 1036 1091 iimplicis
1064 1049 1132 1076 aut
1150 1037 1360 1092 compositi
1387 1040 1468 1077 ulla

236 1106 260 1131 e
295 1106 334 1132 et
355 1107 472 1135 ratio.

295 1151 316 1193 J
321 1164 384 1189 am
407 1150 527 1201 vero,
547 1149 572 1189 fi
597 1149 647 1189 ad
675 1148 885 1190 materiam
908 1148 1127 1188 sensibilem
1140 1182 1150 1199 ‚
1168 1149 1234 1188 seu
1250 1149 1299 1189 ad
1315 1150 1469 1204 praxim

228 1206 516 1246 mechanicam
539 1207 758 1261 applicetur
771 1206 955 1260 cognitio
979 1206 1112 1260 aliqua
1125 1207 1369 1260 geometrica
1382 1239 1392 1257 ‚
1411 1207 1468 1246 ita.

232 1275 282 1303 ut
298 1262 393 1303 inde
415 1264 566 1304 oriatur
594 1279 691 1318 opus
719 1262 885 1317 aliquod
905 1276 1114 1303 externum
1139 1277 1188 1302 ex
1210 1263 1283 1303 tali
1302 1264 1468 1303 materia.

230 1320 442 1371 constans,
466 1321 595 1361 multo
619 1320 749 1361 minus
776 1319 909 1360 media
945 1333 1012 1360 aut
1043 1319 1237 1375 operandi
1268 1320 1468 1360 rationem

229 1377 504 1418 accusabimus
523 1378 569 1418 in
590 1378 674 1433 ipso
700 1392 821 1433 opere
841 1377 920 1428 jam
939 1375 1126 1417 confecto
1145 1410 1155 1427 ,
1177 1376 1316 1417 fiillud
1329 1377 1389 1416 his
1401 1390 1470 1416 aut

232 1433 317 1475 illis
338 1434 479 1476 mediis
496 1450 616 1498 taeque
639 1435 739 1475 bene·
760 1434 981 1475 absolutum
1005 1434 1070 1479 [ιι-ς
1094 1449 1167 1474 nec
1187 1436 1271 1473 ullo
1292 1435 1376 1485 jure
1396 1433 1471 1473 tali

236 1491 413 1546 respectu
437 1492 525 1547 quis
549 1492 696 1532 dixerit
718 1493 801 1532 haec
825 1505 891 1531 aut
913 1493 982 1532 illa
998 1490 1130 1531 media
1153 1490 1229 1530 effe
1252 1490 1471 1544 respuenda

235 1558 431 1602 tanquam
455 1564 621 1589 erronea
645 1565 689 1589 ac
707 1546 874 1588 minime
899 1549 1103 1602 legitima,
1130 1547 1195 1586 sed
1214 1546 1369 1586 tanturn
1391 1546 1470 1585 alia.

236 1604 327 1644 aliis
342 1604 418 1644 effe
431 1604 700 1660 praeferenda3
724 1606 871 1659 quippe
884 1582 1067 1644 faciliora
1092 1602 1408 1653 difficilioribus,
1428 1610 1471 1645 <Sc

233 1660 480 1716 fimpficiora
491 1677 615 1716 magis
635 1662 886 1716 compositis:
902 1660 1011 1716 quod
1024 1659 1113 1700 sane
1135 1673 1184 1699 ex
1201 1659 1333 1699 nostra
1344 1673 1470 1714 agen-

239 1716 283 1757 di
305 1718 512 1759 debilitate
533 1734 663 1759 rursus
688 1718 948 1772 repetendum
967 1718 1043 1762 est3
1068 1719 1173 1756 secus
1195 1716 1303 1755 enim
1316 1715 1467 1770 ,pofita

239 1773 413 1828 perfecta
435 1775 582 1830 agendi
605 1775 805 1830 potentia,
827 1788 923 1814 tunc
942 1789 1062 1830 agens
1088 1781 1130 1816 ὃζ
1152 1771 1284 1813 media
1306 1781 1347 1814 δε
1369 1787 1466 1826 opus

238 1831 366 1885 ipsum
390 1835 502 1873 nullo
527 1832 664 1872 labore
681 1832 1009 1886 consequeretur,
1023 1847 1068 1873 ac
1087 1829 1257 1886 proinde
1277 1845 1350 1870 nec
1370 1828 1466 1869 faci-

240 1889 362 1929 litatis
391 1905 464 1930 nec
489 1889 760 1940 difficultatis,
787 1890 898 1929 ficuti
918 1906 991 1931 nec
1012 1888 1260 1946 simplicioris
1281 1902 1356 1930 nec
1377 1901 1462 1927 ma·

240 1945 301 2003 gis
322 1947 532 2002 compofiti
556 1947 660 1989 ratio
682 1946 906 1989 haberetur.

1171 2112 1301 2168 Ddij
