1915 2663
277 162 354 203 DE
384 162 833 203 RecochrmNn
867 161 1304 210 AEQuA-rmNUM.
1344 180 1417 217 135

193 226 219 266 fi
241 225 356 266 dueta
375 224 562 265 alterutra
584 238 631 263 ex
651 224 697 262 iis
719 222 868 263 duabus
888 225 1062 278 partibus
1087 241 1172 279 quae
1192 227 1261 281 ipfi
1283 231 1311 268 B
1328 243 1418 270 corm

190 285 323 323 relatae
346 281 456 331 sunt,
479 281 522 320 in
542 281 563 329 ὲ
582 279 767 335 quadrati
787 282 946 321 alterius
968 281 1035 320 fibi
1049 286 1306 337 congruentis
1320 319 1330 336 ‚
1352 287 1420 329 fiat:

191 339 361 381 solidum
377 340 519 393 aquale
534 336 604 391 ipfi
624 339 660 378 C
677 338 714 389 s,
739 338 946 378 habebitur
969 338 1077 378 casus
1096 340 1264 382 minoris
1289 343 1418 387 deter-

189 396 423 438 minationis
438 430 449 446 ‚
466 396 512 436 in
530 409 610 448 quo
626 395 703 434 tria
727 397 851 435 latera.
875 409 990 435 erunt
1013 396 1178 450 posttiva
1192 432 1202 448 ,
1228 397 1308 439 duo
1331 402 1422 456 qui..

189 453 281 495 dem
304 453 469 508 aequalia
483 487 493 504 ‚
515 451 565 492 ad
585 453 850 507 :equationem
863 451 1138 507 quadraticam
1156 456 1396 509 pertinentia
1409 492 1421 507 ‚

188 525 362 565 quorum
383 511 532 557 summa
558 510 634 549 crit
649 509 719 551 illa
743 510 876 564 portio
896 509 1160 563 longitudinis
1177 513 1204 550 F
1221 545 1232 561 ,
1252 529 1337 566 quae
1351 516 1422 570 ipfi

187 569 227 609 R
244 570 441 608 correlata
465 569 538 612 cst3
565 574 606 609 δε
624 568 785 607 tertium
803 565 962 620 fingulis
984 566 1183 621 produffis
1199 568 1394 624 inaequalc
1407 607 1417 624 ἰ

185 625 297 680 quod
320 625 370 666 ad
383 626 647 681 aequationem
666 624 872 663 lateralem
888 624 1104 678 pertinebit
1118 659 1128 675 ,
1159 625 1313 681 eritque
1338 642 1420 669 ter-

187 683 288 723 tium
312 682 412 722 illud
437 682 569 738 portio
596 679 666 734 ipfi
692 682 720 720 B
748 682 954 721 correlata.
1004 681 1131 736 Qubd
1153 682 1177 721 fi
1195 698 1242 722 ex
1264 683 1418 727 duobus

185 739 266 780 illis
291 739 424 779 solidis
449 753 534 793 quae
551 737 627 777 hac
643 737 799 777 ratione
823 737 909 777 fieti
930 735 1110 792 possunt,
1129 739 1344 790 (videlicet
1366 744 1419 783 ob

184 795 390 851 duplicem
423 795 663 835 solutionem
685 829 696 846 ‚
727 811 812 850 quae
843 795 1080 850 contingere
1115 798 1268 851 potest,
1294 798 1421 841 divisa

183 852 442 908 longitudine
457 852 484 892 F
497 887 508 904 ‚
522 864 566 892 ut
585 853 847 908 proponitur)
865 867 1051 893 neutrum
1072 857 1223 909 :equale
1245 857 1422 910 reperia-

183 921 248 950 tur
275 910 345 964 ipfi
371 910 459 961 Cf,
487 911 533 950 fit
564 923 698 951 autem
721 911 800 951 hoc
823 911 913 961 Cf,
940 910 1118 951 maximo
1142 911 1422 966 praedi&orum

182 966 340 1018 minus,
353 967 524 1008 minimo
541 968 664 1019 majus
679 987 687 1009 :
701 981 796 1009 tune
811 969 887 1008 tria
905 968 1138 1022 aequationis
1167 970 1290 1010 latera
1304 986 1422 1013 erunt

183 1024 353 1080 positiva
365 1058 377 1075 ,
392 1024 458 1065 sed
469 1025 692 1079 inaequalia.
726 1026 766 1067 Si
782 1024 945 1066 tandem
962 1026 998 1065 C
1009 1025 1046 1076 s,
1059 1026 1124 1067 vel
1135 1027 1313 1079 maximq
1327 1044 1421 1084 prae-

182 1081 384 1122 distorurn
397 1083 544 1133 majus,
569 1084 632 1122 vel
655 1083 825 1123 minimo
848 1083 978 1123 minus
999 1083 1203 1135 extiterit,
1225 1085 1305 1126 hoc
1327 1086 1419 1127 casu

180 1152 302 1178 erunt
320 1138 400 1180 duo
419 1140 490 1179 illa
509 1141 633 1179 latera
654 1139 794 1181 fictitia
808 1155 894 1194 quae
911 1139 961 1180 ad
975 1140 1244 1194 aequationem
1256 1144 1415 1196 planam

181 1195 465 1251 pertinebunt,
494 1210 540 1235 ac
569 1194 696 1236 solum
721 1196 921 1251 reliquum
949 1196 1052 1237 illud
1079 1198 1155 1239 erit
1176 1198 1390 1254 pofitivum
1401 1233 1420 1254 ³.

179 1251 297 1309 quod
318 1252 552 1310 aequationis
571 1253 744 1295 lateralis
764 1254 972 1311 proprium
996 1255 1083 1298 erit,
