1915 2663
485 140 564 175 142
612 124 687 163 De
721 121 1132 163 REsoLurmNE
1167 121 1591 173 AEQJATmNUMJ

478 195 609 222 autem
632 178 783 233 punctis
807 177 1039 233 quibusdam
1058 176 1213 219 tantum
1237 193 1403 218 numero
1426 178 1622 221 definitis:
1637 190 1700 221 tot

475 236 603 277 modis
626 237 707 291 ipsa
730 235 964 290 magnitudo
986 236 1095 274 locus
1121 234 1197 274 effe
1217 236 1362 289 potest·,
1382 236 1435 275 ita
1450 248 1492 275 ut
1516 236 1542 274 si
1559 236 1698 277 infini-

471 306 521 333 tae
541 308 706 334 nurnero
731 269 820 331 fimo
827 294 922 331 tales
944 292 1200 353 proprietates
1224 291 1274 331 ad
1297 293 1471 346 aliquam
1495 294 1697 347 magnitu-

471 349 608 391 dinem
629 349 895 405 pertinentes,
911 360 1032 387 etiam
1045 346 1210 387 lnfinltls
1222 347 1372 399 modis,
1387 350 1475 389 talis
1493 351 1698 404 magnitu-

470 407 525 447 do
550 409 658 447 locus
681 404 756 445 effe
784 405 908 460 poffit.
962 402 1037 444 Sed
1063 411 1103 446 δε
1131 403 1430 466 uniuscujusque
1449 383 1583 446 modio
1588 409 1698 447 locus

471 463 844 504 denominationem
860 461 1069 501 sortietur
1056 476 1076 500 a
1088 460 1329 515 proprietate
1340 461 1432 509 illa,
1447 463 1621 516 respectu
1631 478 1696 504 cu-

466 533 527 571 jus
549 520 629 574 ipse
652 521 760 560 locus
780 519 845 559 est.

528 577 616 627 Sic,
648 577 692 616 in
716 577 893 631 quinque
923 575 1051 615 allatis
1081 574 1304 628 exemplis,
1333 586 1492 637 propter
1520 576 1697 630 quinque

468 632 722 673 nobiliffimas
750 632 890 673 circuli
915 632 1196 686 proprietates,
1219 631 1396 685 quinque
1418 631 1538 672 etiam
1568 632 1696 674 modis

467 689 792 730 circumferentia
819 690 922 729 illius
946 690 1054 728 locus
1082 686 1156 727 effe
1179 687 1410 727 ostenditur.
1440 690 1496 727 At
1521 703 1612 729 cum
1632 688 1693 729 in-

467 761 640 786 numera:
676 747 761 786 aliae
795 746 867 786 sint
888 745 1001 799 ipsius
1026 744 1227 785 circularis
1250 743 1383 798 figurae
1408 745 1691 798 proprietates,

465 818 634 856 quarum
654 806 899 857 unaquaeque
926 817 968 842 m
994 802 1060 841 suo
1083 816 1227 856 genere
1251 801 1396 840 eximia
1423 801 1475 840 cst
1491 801 1694 855 ,sequitur

457 872 508 897 rut
533 860 750 899 innumeris
777 860 898 899 etiam
923 858 1051 898 modis
1074 836 1397 898 circumferentia
1420 858 1559 897 circuli
1584 859 1693 898 locus

463 913 540 954 effe
561 928 713 968 queat:
744 929 784 954 at
804 929 876 954 nos
898 913 995 968 quid
1017 915 1061 953 fit
1082 916 1190 955 locus
1215 914 1492 955 Geometricus
1515 914 1693 955 indicare

465 984 621 1010 tanturn
637 985 756 1026 atque
777 970 967 1025 exemplis
980 971 1212 1024 quibusdam
1227 971 1418 1010 illustrare
1429 969 1691 1035 decrevimus,

461 1042 543 1067 non
563 1041 696 1067 autem
724 1028 925 1083 integrum
949 1042 1087 1067 eorum
1108 1028 1316 1066 traciatum
1348 1026 1589 1067 instaurare:
1613 1029 1692 1068 ita-

460 1099 537 1137 que
559 1085 693 1138 paucis
716 1085 803 1124 aliis
811 1062 1019 1136 &exemplis
1051 1084 1211 1123 alterius
1236 1083 1391 1136 generis
1424 1085 1605 1124 locorum
1639 1083 1691 1124 ad

460 1139 722 1194 praecedentia
745 1139 890 1180 additis
911 1171 922 1187 ,
947 1139 997 1178 ad
1019 1139 1061 1179 id
1087 1138 1196 1194 quod
1217 1140 1460 1195 propofitum
1485 1140 1539 1179 est
1574 1155 1689 1181 acce-

454 1197 684 1293 Cle,Innuss‘exto
702 1267 798 1308 ergo
815 1254 1010 1308 exemplo.
1046 1253 1136 1293 Esto
1153 1254 1342 1309 parabola
1358 1255 1427 1293 AB
1440 1286 1452 1304 ‚
1470 1253 1577 1306 cujus
1597 1253 1687 1295 dia-

448 1903 572 1931 meter
597 1889 641 1929 fit
666 1890 767 1940 AC,
789 1901 926 1930 vertex
946 1891 1007 1941 A,
1036 1896 1156 1944 atque
1176 1888 1226 1929 ad
1246 1889 1486 1930 diametrum
1509 1887 1675 1929 ordina·-

448 1949 522 1988 tim
541 1947 782 2002 applicatai
759 1946 801 1985 fit
825 1947 971 2000 quasvis
993 1949 1097 1987 reeta
1118 1947 1211 1993 BC,
1231 1955 1272 1990 &
1299 1950 1398 1987 latus
1422 1948 1572 1986 renum
1592 1960 1671 1999 po-

449 2018 563 2044 natur
585 2001 660 2043 esse
683 2006 736 2044 D.
784 2004 941 2043 Notum
960 2004 1014 2043 est
1038 2018 1133 2058 ergo
1157 2017 1207 2043 ex
1229 2005 1405 2053 conicis,
1431 2001 1670 2058 quadiatum

447 2062 559 2100 rectae
594 2062 662 2101 BC
688 2062 835 2116 aequalc
864 2058 939 2100 effe
967 2062 1195 2117 reEtangulo
1224 2074 1420 2102 contento
1452 2059 1520 2098 sub
1545 2060 1671 2098 latere
