1915 2663
496 252 672 301 AGEL,
693 257 770 292 acc.
796 248 902 290 unde
929 248 1014 290 aliae
1040 249 1205 291 infinitae
1227 250 1517 305 generabuntur
1541 252 1720 307 quadras

497 307 612 346 trices
635 325 643 346 :
668 306 732 346 sed
757 306 840 346 haec
864 320 969 346 nunc
988 304 1175 346 indicasse
1198 305 1374 348 sufficiat.
1410 306 1532 349 Vides
1551 309 1722 365 itaque,‚

495 363 568 402 Vir
593 363 812 403 Clariffime
826 395 836 412 ‚
853 362 970 416 quam
991 363 1091 401 latus
1115 363 1193 402 hoc
1212 364 1302 402 loco
1329 363 1378 404 ad
1399 364 1637 416 imitandum
1650 381 1726 421 pa*-

494 430 576 458 teat
596 434 768 474 campus.
803 418 923 459 Vides
948 418 1069 458 etiam
1093 419 1170 458 alia
1189 418 1342 473 prorsus
1370 420 1391 460 a
1412 421 1488 460 tuis
1512 422 1718 476 hyperbo*

492 475 577 514 licis
600 475 751 516 diversa
772 490 916 530 genera
940 474 1155 514 solidorum
1169 508 1179 525 ‚
1199 483 1239 517 &1
1257 476 1508 516 multitudine
1524 478 1707 519 innume-

492 531 654 582 rabilia,
678 533 812 574 &illis
840 531 994 581 forsan,
1017 532 1142 585 magis
1176 532 1354 572 miranda
1379 552 1388 577 ς
1416 547 1464 571 eo
1490 534 1599 586 quod
1624 536 1708 576 haec
1755 581 1757 583 ¹

492 590 621 629 nostra
638 589 686 629 de
698 602 859 629 externa
875 590 937 628 sua
955 588 1164 628 latitudine
1177 589 1279 628 nihil
1294 604 1468 643 unquam
1481 591 1708 642 remittant,

490 658 532 683 ut
553 646 686 685 vestris
707 645 923 686 necess'ario
946 645 1104 685 accidit.
1146 647 1291 699 Neque
1314 659 1448 685 tamen
1481 646 1609 686 nostra
1635 662 1709 688 nos

489 700 539 740 ad
569 704 784 742 vestrorum
806 702 1070 742 imitationem
1093 701 1314 741 effinximus
1337 708 1348 752 (
1371 701 1479 757 quod
1506 702 1531 741 si
1560 701 1707 745 factum

487 756 619 798 fuiffct
640 794 650 810 ,
674 773 1025 813 quantumcunque
1046 758 1212 798 abstrusa
1229 791 1240 809 ‚
1268 759 1376 798 vobis
1406 771 1539 799 tamen
1558 761 1715 800 tribue·

485 820 635 864 remus)
657 816 719 855 sed
742 817 823 856 haec
845 816 865 855 a
883 816 1015 855 nostro
1033 815 1226 854 linearum
1238 815 1556 868 quadraticarum
1571 816 1714 857 invem

485 883 527 910 to
549 872 596 911 fic
616 871 909 926 dependerunt,
924 884 967 910 ut
982 872 1030 910 ab
1050 872 1125 911 illis
1139 872 1287 925 sejungi
1298 887 1379 911 non
1393 872 1606 926 potuerint.
1639 874 1707 914 Vi-

485 926 551 966 des
573 928 745 982 denique
769 944 839 968 nos
858 943 930 967 nec
945 929 1059 982 plana
1073 961 1083 977 ‚
1094 943 1165 967 nec
1182 927 1303 967 solida
1318 927 1472 967 infinite
1485 927 1597 968 finita
1612 943 1707 982 praea

483 984 598 1037 cipue
620 983 831 1024 intendisse
850 1005 858 1029 ;
880 984 942 1023 sed
963 985 1109 1023 nostras
1131 983 1399 1037 quadratrices
1412 1018 1423 1034 ,
1441 999 1525 1038 quae
1539 999 1585 1023 ex
1601 985 1715 1039 figu-

483 1055 614 1081 rarum
644 1042 686 1080 in
707 1043 801 1081 alias
829 1039 1180 1080 transformatione
1201 1040 1410 1080 nascuntur
1430 1073 1441 1090 ,
1463 1055 1510 1079 ex
1536 1055 1711 1094 quarum·

482 1097 639 1151 origine
659 1098 752 1138 talia
771 1098 893 1152 spatia
914 1096 1131 1137 necessario
1154 1098 1364 1136 consecuta
1386 1097 1494 1141 sunt;
1524 1104 1562 1138 δεῖ
1588 1099 1705 1139 nobis

481 1153 588 1194 aliud
610 1154 744 1194 animo
764 1154 1003 1209 agitantibus
1017 1187 1027 1203 ,
1056 1153 1131 1192 sese
1150 1155 1254 1193 ultro
1280 1154 1519 1194 obtulerunt.

535 1212 621 1254 Jam
635 1245 645 1261 ‚
659 1211 897 1265 quadratura
921 1211 1114 1265 parabolae
1135 1210 1339 1264 quomodo
1360 1225 1406 1249 ex
1427 1209 1616 1264 praediffis
1636 1209 1710 1252 fa--

480 1265 556 1306 eil&
573 1267 789 1308 deducatur
803 1301 813 1318 ‚
839 1268 886 1307 fic
907 1267 1159 1307 ostendimus.
1195 1267 1441 1321 Intelligatur
1461 1267 1500 1306 in
1522 1267 1600 1306 hoc
1623 1283 1701 1308 no-

480 1322 556 1362 stro
582 1327 784 1378 exemplo,
808 1339 926 1364 curva
948 1325 1015 1363 BC
1041 1323 1116 1362 effe
1138 1324 1282 1377 quaevis
1304 1323 1511 1378 parabola,
1537 1323 1613 1363 slve
1635 1339 1701 1364 co-

479 1379 571 1418 nica
599 1381 667 1420 illa
688 1382 732 1420 sit
747 1414 758 1431 ‚
782 1381 857 1420 five
879 1380 955 1419 alia
978 1398 986 1419 :
1014 1385 1024 1429 (
1047 1380 1163 1418 unica
1193 1381 1299 1419 enim
1330 1379 1510 1418 omnibus
1536 1379 1699 1421 inservit

479 1433 764 1476 demonstratio
783 1441 794 1485 )
815 1437 921 1487 cujus
944 1436 1024 1474 axis
1051 1435 1094 1474 fit
1115 1437 1184 1474 AB
1206 1457 1214 1480 ·,
1237 1449 1372 1475 vertex
1395 1438 1423 1474 B
1446 1454 1455 1478 3
1478 1435 1571 1474 bafis
1595 1439 1698 1481 AC;

479 1498 520 1532 δέ
544 1495 646 1532 recta
675 1495 743 1532 BY
767 1493 889 1546 ipsam
912 1504 1049 1545 tangat
1065 1492 1108 1530 in
1132 1492 1304 1541 vertice,
1327 1505 1567 1544 occuratque
1587 1494 1707 1532 rectae

478 1548 568 1587 NC
595 1548 792 1602 producta*
822 1549 864 1588 in
896 1550 1040 1601 puncto
1065 1550 1101 1586 Y
1119 1579 1129 1597 ,
1152 1560 1195 1586 ut
1220 1548 1263 1586 fit
1285 1549 1711 1601 parallelogrammum«-

476 1606 628 1644 ABYC
651 1605 775 1659 spatio
797 1605 959 1644 trilineo
980 1603 1206 1658 parabolice
1224 1605 1330 1643 ABC
1344 1604 1699 1658 circumscriptum.

477 1662 688 1701 Ducantur
707 1661 825 1700 etiam
840 1695 849 1711 ,
871 1663 932 1701 vel
955 1660 1046 1700 duci
1070 1660 1343 1714 intelligantur
1368 1660 1389 1700 31
1417 1660 1574 1714 singulis
1596 1667 1711 1715 pu'n-

477 1717 545 1757 stis
567 1732 695 1757 curvae
715 1719 885 1758 AMLN
901 1751 912 1768 ,
927 1716 1018 1771 puta
1038 1717 1057 1756 ὲ
1081 1717 1230 1771 punctis
1251 1719 1296 1756 Μ
1313 1751 1323 1767 ,
1338 1719 1370 1756 L
1382 1717 1446 1768 ,N
1461 1750 1472 1767 ,
1490 1724 1565 1758 &a
1583 1720 1696 1758 rectae

476 1775 592 1829 MQ,
611 1775 674 1813 LP
688 1807 698 1824 ‚
712 1776 797 1814 ΝΟ
816 1807 827 1825 ,
841 1782 917 1816 &c.
938 1774 1014 1813 bafi
1038 1776 1113 1813 AC
1136 1775 1327 1827 parallelae
1349 1786 1599 1813 occurrentes
1627 1775 1693 1814 axi

476 1832 547 1869 BA
566 1830 759 1884 producto
781 1831 821 1870 in
843 1831 994 1885 punC'tis
1017 1832 1084 1884 Q,
1097 1831 1125 1870 P
1139 1863 1149 1880 ‚
1164 1832 1202 1870 Ο
1217 1864 1228 1881 ,
1248 1838 1324 1872 δίε.
1345 1845 1424 1884 quo
1439 1831 1552 1883 pasto
1566 1863 1576 1879 ‚
1591 1845 1692 1869 con-

474 1887 653 1926 stituetur
670 1886 778 1927 aliud
792 1887 993 1941 quoddam
1013 1887 1216 1926 trilineum
1235 1888 1361 1926 ANO
1375 1919 1385 1935 ,
1399 1886 1505 1936 cujus
1523 1886 1604 1925 axis
1616 1887 1693 1926 erit

473 1945 556 1984 AO
572 1976 582 1994 ‚
604 1956 739 1984 vertex
756 1946 791 1984 A
804 1977 815 1994 ‚
839 1952 878 1985 δε
899 1943 993 1983 basis
1009 1944 1108 1982 ΝΟ.
1145 1945 1190 1982 In
1209 1943 1286 1981 hoc
1309 1942 1470 1982 trilineo
1485 1974 1494 1987 ,
1511 1944 1623 1982 rectae
1640 1943 1701 1983 ad'

475 2015 588 2039 axem
614 2000 830 2040 ordinatim
851 2000 1053 2054 applicatae
1077 2012 1191 2038 erunt
1212 2000 1333 2059 MQ
1358 2000 1445 2049 LP,
1468 1999 1554 2039 ΝΟ
1570 2031 1580 2048 ,
1612 2007 1688 2040 &c,

475 2071 559 2110 quae
582 2056 798 2096 ordinatim
820 2056 1023 2111 applicatis
1044 2055 1086 2094 in
1108 2055 1292 2109 parabola
1308 2089 1318 2105 ‚
1342 2057 1449 2106 DX,
1475 2056 1543 2095 EV
1561 2056 1660 2104 ,CA
1675 2087 1687 2105 ,

474 2119 552 2155 ὄις.
576 2113 730 2169 fingulae
754 2112 912 2168 fingulis
927 2112 1061 2154 debito
1079 2111 1220 2153 ordine
1239 2111 1422 2166 sumptis,
1437 2122 1551 2152 erunt
1564 2125 1689 2166 aequa-
