1915 2663
575 147 650 187 DE
698 144 1070 188 TRocnomi-i:
1348 146 1431 200 2417

208 211 309 253 icffl
334 210 416 266 QZ
440 210 516 250 una
547 223 638 248 cum
663 206 856 260 quadrato
881 209 979 257 AZ,
1006 209 1081 247 five
1110 206 1187 246 una
1216 221 1308 247 cum
1334 223 1431 262 qua-

209 267 325 321 drigo
356 268 453 307 finus
472 264 756 319 complementi
776 266 851 319 Q3
882 283 889 303 :
916 263 1092 303 similiter
1114 263 1350 317 quadratum
1367 280 1431 304 ra·

208 324 266 364 dii
291 325 360 364 ΑΡ
380 323 529 376 :equale
551 321 604 361 est
619 319 813 374 quadrato
829 320 927 360 finus
944 320 1039 360 reoli
1054 321 1122 359 PY
1135 320 1211 359 una
1225 335 1316 360 cum
1333 335 1432 374 qua-

206 380 321 420 drato
343 379 440 418 finus
478 377 761 432 complementi
782 378 809 416 P
823 394 848 428 4
860 410 870 427 ‚
889 390 1007 431 atquc
1023 377 1079 416 ita
1096 375 1145 415 de
1158 376 1317 430 reliquis
1333 392 1432 431 :quo

207 439 321 491 Ρῖιξὶο
346 435 533 474 habemus
564 434 699 474 omnia
722 433 913 488 quadrata
936 433 1038 473 radii
1061 433 1224 486 aequalia
1245 432 1320 473 effe
1346 448 1434 473 om-

207 493 320 532 nibus
342 491 543 545 quadratis
566 491 715 530 finuum
741 492 937 530 mistorum
954 489 1031 529 una
1043 504 1133 529 cum
1145 490 1328 530 omnibus
1341 505 1435 543 qua-

205 548 329 588 dratis
357 547 506 588 finuum
528 549 926 602 complementorum.
970 549 1120 586 Verum
1156 561 1291 586 omnes
1331 546 1431 586 smus

204 606 303 648 reffi
327 605 509 647 omnibus
533 605 673 644 finibus
701 606 1087 658 complementorum
1107 603 1249 658 singuli
1268 602 1427 657 singulis

202 1688 290 1727 funt
311 1687 476 1741 aequales
490 1720 501 1737 ,
519 1686 545 1725 fi
562 1686 735 1726 minores
755 1700 846 1726 cum
864 1685 1083 1726 minoribus
1096 1692 1137 1728 δε
1151 1686 1316 1737 majores
1331 1699 1423 1727 cum

197 1745 412 1794 majoribus
432 1742 711 1794 conferantur,
735 1743 829 1798 quia
854 1744 1056 1784 sumuntur
1080 1741 1293 1783 secundum
1310 1758 1421 1783 arcus

201 1803 367 1854 aequales
387 1816 434 1840 ex
447 1801 655 1854 hypothesi
670 1819 677 1840 :
691 1815 812 1855 quare
826 1802 961 1840 omnia
974 1800 1164 1855 quadrata
1177 1799 1277 1841 radii
1293 1814 1424 1854 :cqua-

201 1856 255 1895 lia
277 1858 363 1896 sunt
384 1857 512 1911 duplis
534 1857 819 1912 quadratorum
839 1858 1020 1897 omnium
1040 1857 1190 1897 smuum
1212 1858 1422 1897 rcum-um.

202 1914 354 1952 Omnia
367 1928 497 1954 autem
514 1914 705 1969 quadrata
715 1914 900 1955 diametri
912 1914 1129 1970 quadrupla
1142 1914 1227 1954 sunt
1241 1913 1422 1953 omnium

203 1969 486 2023 quadratorum
513 1971 634 2016 radii3
658 1972 738 2027 ipsa
760 1987 855 2026 ergo
878 1973 1012 2012 omnia
1028 1971 1219 2025 quadrata
1237 1969 1424 2009 diametri

201 2026 421 2081 quadrupla
443 2027 530 2066 sunt
549 2028 660 2082 dupli
680 2028 964 2082 quadratorum
994 2029 1174 2068 omnium
1200 2028 1350 2066 finuum
1367 2040 1424 2065 re-

203 2085 355 2123 &orum
380 2102 388 2124 2
411 2083 516 2124 unde
540 2085 677 2123 omnia
695 2085 887 2138 quadrata
913 2086 1064 2127 sinuum
1083 2087 1282 2126 festorum
1306 2082 1423 2122 semel

245 2150 328 2185 lice.
345 2142 388 2182 de
404 2142 551 2184 l’Acad.
564 2151 667 2186 Tom-
679 2149 740 2183 VI.
1164 2142 1201 2181 G
1215 2154 1239 2194 g
1252 2153 1277 2195 g
