1915 2663
795 178 875 215 459

216 240 358 269 cuntur
387 228 498 268 reihe
519 260 530 277 ,
554 238 670 266 erunt
701 227 903 279 portiones
936 226 1103 266 laterum
1133 224 1228 266 coni
1251 224 1434 276 ejusdem.

217 289 273 326 At
299 284 483 340 equidem
498 281 692 324 rescivisse
705 298 768 322 me
789 282 938 334 fateor,
951 284 1070 323 dices.
1104 282 1254 323 Verum
1272 282 1437 323 demon-

214 342 444 382 strationem
469 340 630 394 proprio
655 353 781 380 marte
805 340 1006 381 adinveni.
1048 340 1138 380 Esto
1161 358 1168 380 z
1194 339 1291 394 quid
1314 339 1407 379 inde
1425 351 1439 380 ἒ

215 398 315 438 Sane
345 397 370 436 fi
393 397 648 451 quaestionem
673 396 953 451 proposuissem
983 396 1139 438 tantum
1162 430 1172 448 ‚
1202 412 1284 436 non
1317 397 1438 435 etiam

215 452 412 495 solviffem
426 486 437 504 ‚
451 454 517 493 illa
529 467 594 493 tua
609 452 741 494 fuisset
753 488 764 505 ‚
783 455 851 508 qui
865 455 971 509 prior
983 452 1156 494 solvisses
1174 472 1181 493 ε
1201 467 1306 493 nunc
1319 468 1441 507 quan-

214 509 267 550 do
298 511 405 564 prior
437 510 539 550 solvi
563 525 638 565 ego
656 544 666 560 ,
692 519 732 553 &t
757 512 922 552 solutam
949 510 1132 565 vulgavi,
1153 525 1241 550 mea
1261 510 1337 554 est3
1366 524 1439 548 nec

213 568 339 617 mihi,
367 567 516 606 etiamst
536 582 672 608 omnes
692 581 909 613 conentur,
933 565 1025 607 vere
1045 567 1145 621 eripi
1171 566 1307 621 potest.
1349 568 1414 605 An
1428 599 1438 616 ‚

215 623 344 678 quaeso
360 657 370 674 ,
386 638 480 663 meae
502 637 568 663 aut
582 624 703 663 etiam
715 624 847 664 vestrae
870 623 958 663 sunt
976 624 1297 677 parabolarumD
1308 623 1441 662 omini

213 689 272 721 De
291 689 445 720 Fermat
471 679 740 734 quadraturae?
757 694 823 719 aut
842 679 1058 733 spatiorum
1070 681 1246 720 helicum
1261 694 1353 719 cum
1367 680 1441 718 cir-

212 738 310 778 culis
328 737 645 791 comparationes
660 769 671 786 ‚
696 751 791 791 quas
815 737 932 775 ambo
957 737 1118 790 proprio
1142 750 1266 776 marte
1288 736 1442 776 inveni-

212 793 459 847 mus?*Quid
484 792 534 832 de
552 793 638 846 ipfis
661 793 820 847 speretis
844 808 937 844 vos,
957 793 1090 832 nescio
1117 792 1231 833 sane:
1254 806 1330 846 ego
1352 806 1440 831 cer-

213 849 254 889 te
270 882 281 899 ‚
298 864 527 903 quanquam
547 864 635 889 mea
656 850 783 889 multo
804 849 923 904 quam
941 850 1067 889 vestra
1086 849 1219 904 potior
1241 849 1285 888 sit
1305 849 1415 888 causa
1429 882 1439 899 ,

213 906 339 961 ipsam
355 919 488 945 tamen
512 905 667 960 prorsus
689 906 837 947 desero.
871 909 938 946 An
958 920 1090 945 meum
1112 906 1166 945 est
1186 905 1352 945 solidum
1369 920 1441 945 ve-

212 963 334 1003 strum
354 963 678 1017 hyperbolicum?
707 978 757 1002 an
782 978 870 1002 mea
896 963 1203 1016 hyperbolarum
1228 962 1442 1003 vestrarum

214 1034 410 1060 novarum
435 1018 700 1073 quadratura?
725 1018 890 1059 minime
910 1019 1221 1062 vero;attamen
1232 1018 1442 1060 amborum

212 1075 390 1130 ipsorum
419 1080 714 1117 theorematum
743 1074 1143 1117 demonstrandorum
1168 1091 1247 1115 una
1281 1074 1444 1114 eadem-

214 1147 294 1187 que
313 1133 367 1172 est
386 1132 598 1173 methodus
611 1163 621 1183 ,
646 1147 764 1187 quarn
787 1149 858 1173 nos
879 1133 1104 1173 invenimus
1118 1166 1129 1184 ,
1152 1140 1191 1174 &
1206 1131 1443 1187 jampridem

215 1189 268 1229 ad
285 1204 357 1229 vos
382 1189 551 1229 mifimus
567 1190 695 1230 vestro
716 1189 842 1229 solido
865 1189 1207 1230 accommadatam
1220 1222 1231 1239 ,
1243 1203 1444 1243 quamque

213 1245 354 1286 iisdem
376 1247 602 1300 hyperbolis
623 1246 929 1287 accommodare
952 1262 1035 1286 non
1063 1245 1281 1286 admodum
1303 1244 1445 1286 diffici-

213 1303 253 1342 le
277 1303 342 1342 est.
375 1303 521 1357 Repeti
537 1318 697 1357 quoque
709 1304 753 1343 in
763 1304 924 1343 illarum
946 1304 1104 1357 singulis
1119 1336 1130 1353 ,
1143 1317 1190 1342 ex
1205 1315 1315 1357 parte
1329 1303 1443 1343 unius

211 1357 372 1400 tanturn
403 1374 452 1399 ex
483 1359 736 1414 asymptotis‚
759 1360 925 1400 resecari
956 1359 1063 1413 posse
1084 1360 1251 1414 spatium
1281 1361 1444 1414 planum

212 1429 379 1456 acutum
401 1423 443 1458 δε
462 1415 596 1456 versus
618 1431 784 1456 acumen
807 1416 1009 1456 infinitum
1022 1449 1032 1465 ,
1046 1416 1155 1471 quod
1167 1430 1301 1457 tamen
1318 1417 1443 1471 spatio

217 1471 334 1511 finito
353 1485 470 1526 atque
489 1472 668 1526 undique
688 1473 821 1512 clauso
849 1473 893 1511 sit
913 1476 1074 1526 aequale.
1106 1473 1253 1514 Obiter
1277 1489 1409 1515 autem
1431 1509 1444 1527 ,

217 1542 263 1568 ut
281 1543 421 1568 verum
445 1527 571 1568 fatear
584 1562 595 1579 ,
613 1544 747 1568 nonne
764 1529 843 1568 istis
862 1529 1088 1583 hyperbolis
1107 1530 1356 1571 occasionem
1372 1533 1446 1572 de-

220 1584 315 1625 dere
335 1585 529 1638 parabolae
553 1585 628 1624 illae
653 1585 825 1625 Domini
847 1595 904 1624 De
932 1594 1114 1627 Fermat?
1147 1588 1299 1627 Nonne
1323 1589 1446 1630 etiam

217 1641 291 1681 illa
316 1641 447 1681 nostra
469 1641 684 1696 propositio
701 1642 750 1681 de
769 1641 961 1681 helicibus
987 1650 1028 1684 &
1048 1643 1244 1696 parabolis
1265 1645 1446 1699 longitu-

214 1697 316 1738 dine
343 1698 556 1751 aequalibus
587 1698 721 1738 ansam
752 1698 919 1752 praebuit
948 1699 1010 1738 illi
1033 1700 1147 1739 alteri
1173 1699 1223 1739 de
1242 1715 1321 1754 qua
1343 1702 1445 1743 adeo

217 1753 434 1809 magnifice
457 1755 665 1808 gloriaris?
690 1754 739 1794 de
770 1756 841 1794 illo
856 1788 866 1804 ‚
885 1755 1051 1809 inquam
1067 1787 1079 1804 ‚
1102 1756 1278 1797 helicum
1300 1772 1446 1812 genere

222 1826 309 1865 quae
331 1811 627 1862 describuntur,
649 1811 744 1852 dum
768 1813 872 1851 recta
886 1810 1142 1853 uniformiter
1157 1813 1319 1867 quidem
1340 1816 1447 1857 circa

224 1882 386 1908 manens
418 1881 600 1908 centrum
625 1869 977 1919 circumvolvitur,
1003 1883 1044 1909 at
1072 1871 1260 1924 pundtum
1284 1871 1448 1913 interim

226 1923 440 1964 secundum
462 1925 571 1965 illam
596 1927 743 1966 tetram
774 1924 898 1965 fertur
923 1927 1300 1980 proportionaliter,
1327 1944 1448 1983 quam

223 1979 390 2035 quidem
422 1981 594 2021 helicem
621 1984 734 2022 recht
758 1981 916 2022 cuidam
939 1982 1069 2023 asseris
1094 1985 1308 2037 aequalem?
1345 1989 1447 2040 Quae

224 2050 360 2076 autem
379 2036 423 2076 fit
443 2037 511 2076 illa
533 2040 661 2085 reeta,
685 2047 725 2081 &
751 2039 955 2093 quomodo
986 2039 1037 2080 ad
1066 2038 1175 2079 datas
1204 2040 1241 2079 se
1269 2041 1414 2082 habeat
1432 2076 1444 2094 ,

226 2105 418 2150 tanquam
438 2093 466 2134 fi
484 2095 642 2136 Cereris
661 2097 822 2136 Sacrum
838 2097 903 2146 fit,
919 2096 1035 2151 plane
1046 2096 1247 2137 reticuisti.
1279 2099 1378 2139 Non
1394 2111 1449 2139 ta-

904 2168 907 2169 ’
1075 2153 1225 2195 Mmm
1248 2153 1276 2206 ij
