1915 2663
1072 186 1152 230 446

497 247 677 286 [itionem
696 240 959 282 universalem
979 241 1230 294 tangentium
1243 240 1337 280 inde
1355 238 1562 280 deduetam
1574 239 1729 294 moga--

495 302 622 342 vimus
648 298 755 338 circa
776 313 923 338 annum
953 306 1066 349 1⁶3⁶-
1102 299 1247 338 Extant
1262 296 1391 337 adhuc
1407 329 1415 342 ‚
1438 305 1477 338 &
1501 296 1716 336 circumfe-

497 371 636 397 runtur
652 356 725 394 hac
739 354 788 393 de
807 369 849 393 re
861 354 1049 393 lechones
1062 353 1198 392 nostrae
1211 353 1232 392 a
1243 354 1478 393 nobilissimo
1501 356 1549 392 dn
1572 357 1717 393 Verdus

496 414 629 454 nostro
647 411 840 465 discipulo
860 412 1032 450 colleEtae
1045 443 1056 460 ‚
1069 422 1186 463 atque
1209 410 1230 448 a
1249 410 1381 449 multis
1403 410 1614 463 exscriptas.
1641 412 1720 449 Ita..

496 485 576 523 que
600 467 831 519 jamdudum
852 467 929 506 fide
960 467 1116 522 publica
1138 465 1250 505 nobis
1282 464 1419 506 afferta
1445 467 1497 505 est
1525 467 1610 505 talis
1642 465 1719 506 do-

495 527 642 571 &rina,
660 540 734 565 nec
756 525 825 564 alii
853 525 964 564 testes
988 522 1190 578 quaerendi
1211 556 1222 574 ,
1244 522 1313 577 qui
1330 537 1465 562 omnes
1490 522 1716 564 habeamus.

496 583 619 623 Circa
639 583 722 622 haec
749 595 928 636 tempora
953 595 1096 635 nempe
1121 595 1226 619 anno
1258 589 1385 633 1635,
1410 577 1610 619 mediante
1631 594 1716 621 am..

494 639 663 694 pliffimo
684 639 862 678 senatore
880 638 1061 679 Domino
1086 640 1130 676 de
1151 646 1313 689 Carcauy
1328 670 1338 687 ‚
1359 636 1462 691 coepi
1477 650 1545 690 per
1570 635 1717 690 Episto-

493 698 550 735 las
576 696 860 736 commercium
883 696 1103 735 litterarum
1126 694 1271 733 habere
1293 708 1382 733 cum
1405 692 1637 746 anaplissimo
1660 692 1721 732 se-

493 766 634 793 natore
648 752 882 792 Tholosano
899 752 1079 792 Domino
1093 761 1149 791 De
1166 759 1318 790 Fermat
1330 783 1340 800 ‚
1361 748 1411 789 de
1430 765 1509 804 quo
1524 748 1620 802 quid
1633 750 1718 789 sen-

493 809 591 848 tiam
612 810 731 849 habes
754 809 797 848 in
823 824 868 848 ea
899 809 1067 863 Epistola
1088 823 1206 862 quam
1233 807 1281 847 ad
1309 810 1358 847 R.
1387 808 1427 846 P.
1459 806 1719 847 Mersennum

491 864 621 907 direxi
647 866 759 920 super
781 865 905 905 solido
923 866 1049 905 vestro
1070 864 1331 918 'hyperbolico
1349 862 1521 903 infinito.
1562 865 1598 902 Is
1622 877 1717 916 ergo

492 921 554 962 vir
572 921 896 975 praestantissimus
911 954 921 971 ,
939 921 1086 975 primus
1107 921 1286 959 omnium
1304 953 1313 970 ,
1325 920 1419 959 duas
1435 918 1718 974 propositiones

490 977 745 1017 nobiliffimas
766 977 815 1016 ad
834 993 904 1017 nos
930 977 1030 1017 misit
1051 977 1134 1016 -fine
1153 976 1488 1016 demonstratione
1518 996 1526 1014 ε
1555 978 1720 1015 alteram

487 1032 541 1073 de
560 1035 780 1088 parabolis>
805 1036 969 1074 alteram
991 1033 1040 1073 de
1062 1034 1186 1088 planis
1209 1033 1382 1073 helicum
1400 1066 1411 1082 ‚
1439 1031 1618 1086 utrisque
1649 1046 1719 1086 per

490 1105 628 1130 omnes
657 1090 898 1146 dignitatum
919 1091 1061 1146 gradus
1087 1090 1260 1145 sumptis.
1306 1095 1325 1140 »(
1341 1091 1406 1129 Ne
1431 1103 1532 1142 e-rgo
1563 1087 1721 1129 dubites

489 1146 657 1202 amplius
671 1181 682 1198 ‚
706 1148 792 1201 quis
816 1148 963 1202 primus
985 1149 1079 1187 tales
1099 1147 1329 1200 q-uaestiones
1351 1145 1623 1201 proposuerim
1643 1145 1720 1184 illae

484 1218 586 1244 meae
608 1220 690 1244 non
714 1205 821 1248 sunt;
851 1219 1077 1259 quanquam
1098 1205 1180 1243 illas
1207 1218 1283 1258 ego
1309 1203 1470 1257 proprio
1491 1214 1637 1251 marte,
1653 1201 1722 1240 in-

485 1262 608 1301 venta
631 1260 681 1301 ad
703 1261 744 1300 id
758 1261 947 1315 peculiari
967 1261 1097 1300 nostra
1110 1260 1323 1311 methodo,
1336 1258 1714 1306 demonstraverim)

488 1316 616 1357 immo
641 1318 897 1358 universalius
925 1318 1053 1358 multo
1071 1317 1189 1370 quam
1210 1317 1290 1371 ipse
1312 1330 1507 1369 proponas
1534 1334 1541 1354 :
1571 1314 1717 1368 quippe

490 1388 573 1412 non
596 1373 718 1413 solum
743 1374 951 1428 potestates
970 1374 1012 1412 in
1038 1373 1230 1412 helicibus
1257 1373 1484 1426 proposuit,
1505 1370 1570 1409 sed
1593 1371 1718 1410 etiam

490 1430 727 1483 potestatum
753 1429 917 1469 radices.
951 1429 1130 1483 Exempli
1154 1429 1302 1482 gratia:
1324 1429 1365 1468 Si
1389 1429 1432 1468 in
1454 1428 1582 1467 helice
1599 1426 1720 1466 semi-

491 1486 678 1525 diametri
701 1486 882 1525 omnium
904 1486 1200 1524 revolutionum
1227 1484 1367 1524 ordine
1391 1484 1655 1537 sumprarum,
1680 1482 1720 1521 se

494 1542 668 1581 habeant
697 1556 741 1580 ut
772 1541 923 1581 radices
948 1541 1173 1594 quadratae,
1196 1555 1262 1581 aut
1284 1541 1454 1591 cubicas,
1479 1548 1555 1582 δίε.
1583 1554 1722 1579 nume-

493 1613 628 1638 rorum
651 1597 793 1638 ordine
810 1598 978 1637 naturali
994 1597 1338 1653 progredientium
1361 1614 1375 1639 1
1393 1631 1404 1647 ,
1422 1614 1442 1637 2
1455 1630 1465 1647 ,
1485 1612 1499 1648 3
1518 1630 1529 1648 ,
1546 1613 1594 1648 4,
1618 1612 1658 1649 5,
1672 1604 1723 1648 6,·

491 1659 540 1707 7,
558 1660 577 1696 8
592 1689 602 1706 ,
616 1663 692 1697 &a
716 1670 882 1709 quarum
906 1655 1073 1710 primam
1095 1654 1390 1709 (quadraticam
1413 1652 1526 1708 puta)
1548 1652 1720 1706 reperies

490 1712 532 1751 in
560 1712 687 1766 prima
707 1712 956 1752 revolutione
980 1711 1189 1753 dimidiam
1211 1724 1362 1766 partem
1387 1711 1443 1750 sui
1460 1710 1601 1750 circuli
1614 1724 1716 1749 con-

494 1768 663 1810 stituere.
699 1768 884 1823 Cumque
902 1768 1029 1823 ipsum
1051 1769 1261 1809 arduarum
1284 1775 1296 1818 (
1320 1781 1364 1808 ut
1391 1772 1512 1816 tunc)
1537 1764 1714 1820 proposi-

492 1826 648 1866 tionum
678 1825 1032 1867 demonstrationes
1066 1840 1272 1880 rogarem,
1297 1825 1366 1865 ille
1395 1825 1439 1864 in
1477 1824 1560 1862 haec
1594 1822 1717 1862 verba

492 1883 707 1938 rescripsit,
729 1892 807 1937 Ego
821 1916 832 1934 ‚
854 1883 985 1938 inquit
1001 1916 1012 1933 ,
1038 1896 1080 1922 ut
1102 1888 1318 1923 invenirem
1350 1880 1529 1921 laboravi
1548 1899 1557 1920 z
1582 1879 1714 1918 labora

493 1941 537 1985 ὠ
565 1944 639 1997 ipſs>
665 1961 676 1980 .·
701 1946 748 1980 *in
775 1941 842 1980 hoc
865 1947 963 1980 enim
987 1940 1114 1980 labore
1133 1944 1352 1995 praeciptcam
1382 1938 1596 1992 voluptatis
1616 1949 1712 1991 pan

491 2010 565 2037 tem
588 1999 769 2049 consistere
789 1997 1052 2053 deprehendes.
1103 1995 1218 2051 Quid
1247 1993 1420 2035 facerem
1448 1994 1469 2033 Ξι
1489 2005 1601 2032 tanto
1621 1992 1719 2031 viro.

489 2054 703 2099 incitatus?
738 2054 956 2106 Laboravi,
977 2067 1095 2107 atque
1117 2053 1160 2092 in
1182 2052 1371 2092 auxilium
1392 2050 1548 2091 infinita
1575 2047 1711 2088 nostra.

492 2111 707 2158 advocavi5
734 2109 939 2165 (nondum
959 2110 1068 2152 enim
1091 2123 1185 2151 tunc
1202 2110 1332 2154 nostra
1353 2107 1516 2163 amplius
1532 2120 1613 2145 non
1630 2102 1722 2145 effe>
