1915 2663
796 168 874 205 473

222 221 547 275 quatuor-lineas:
561 220 610 260 de
624 218 833 273 cylindris,
858 217 1025 261 &conis
1046 217 1349 272 isope1imetris,
1365 220 1455 262 ci‘un

221 278 382 333 dempta
403 278 511 327 base,
536 290 621 316 tum
644 275 801 315 addita:
820 275 870 315 de
884 274 1022 315 iisdem
1049 274 1206 328 iphaerae
1228 253 1454 331 inscriptis,

224 343 266 376 ἂν
288 311 616 388 circumscriptis,
641 332 705 372 seu
735 332 950 388 spatiorum
979 332 1225 381 solidorum,
1253 332 1316 371 seu
1335 335 1456 374 etiam

225 391 519 445 superficierum
540 404 695 430 tantum
718 390 908 430 habeatur
933 389 1057 433 ratim
1076 389 1143 428 ubi
1162 389 1357 430 mirabere
1372 389 1456 430 For-

225 448 292 487 san
312 448 389 500 φιλ
410 449 564 487 ratione
589 464 610 487 a
631 447 744 486 nobis
768 445 955 487 concludi
971 445 1168 500 potuerit,
1192 446 1313 500 polita
1333 448 1457 501 sphae-

223 518 275 543 rae
299 503 535 544 diametro
523 522 535 557 3
551 522 569 544 2
590 504 785 558 partium,
806 518 920 543 axem
939 517 1032 542 coni
1056 501 1235 565 inscripti
1265 504 1373 553 cujus
1396 505 1457 543 su-

225 560 404 614 perficies
428 561 714 615 comprehensa
737 560 825 600 base
848 560 893 599 s1t
915 560 1111 610 maxima,
1138 557 1214 598 e'sse
1234 560 1339 599 hanc
1359 575 1458 614 apo-

224 630 362 657 tomen
387 617 673 670 23——17173fi
698 617 853 671 sphaerae
877 616 1097 671 superficies
1110 631 1192 655 uno
1207 616 1454 667 ‚duobusve,

223 676 289 713 vel
311 674 432 714 tribus
459 688 526 714 aut
546 674 720 729 pluribus
738 674 921 722 circulis,
938 689 977 713 in
1001 685 1258 727 quotcunque
1276 681 1316 715 δε
1340 676 1456 737 quas

198 775 200 777 ,
223 744 383 785 cunque
405 731 608 794 portiones
628 730 726 769 setta
745 730 789 768 fit
800 745 1106 784 ‚quamcunque
1132 745 1178 769 ex
1202 730 1280 769 illis
1302 731 1458 785 portio-

223 787 337 827 nibus
362 802 452 826 curn
477 787 552 826 alia
573 802 617 826 ac
639 801 731 826 cum
752 799 837 826 tota
869 801 1168 840 comparamus,
1197 801 1242 825 ac
1268 787 1459 827 uniuscu-

221 843 358 897 jusque
378 854 558 883 centrum
572 843 778 898 gravitatis
793 842 1040 898 asslgnamus.
1079 843 1201 883 Circa
1219 843 1457 897 cylindricas

222 906 267 940 &
288 901 446 940 conicas
468 900 687 955 superficies
712 900 904 950 scalenas,
929 914 1014 940 tum
1039 900 1160 939 etiam
1181 900 1287 940 circa
1310 903 1457 952 renas,

223 956 324 996 mira
345 958 548 998 habemus.
583 960 690 997 Inter
702 957 768 996 illa
783 957 982 1011 perpende
998 959 1211 1011 qualenam
1225 957 1359 997 sithoc
1372 974 1460 1013 pro—

224 1012 379 1054 blema:
408 1014 639 1054 portionem
659 1014 888 1069 superficiei
902 1013 1074 1068 cylindri
1087 1014 1184 1053 reeh
1204 1014 1459 1062 exhibemus,

225 1084 313 1123 quse
335 1071 552 1125 superficiei
575 1070 674 1110 datae
697 1070 870 1125 cylindri
894 1071 1039 1110 scaleni
1059 1070 1102 1109 fit
1121 1071 1293 1124 aequalis.
1328 1072 1402 1112 Sed
1418 1080 1459 1114 δε

225 1126 360 1167 istud:
392 1130 498 1167 Dato
526 1127 746 1181 quadrato,
770 1129 962 1182 aequalem
988 1127 1127 1167 damus
1147 1126 1374 1181 cylindrieae
1398 1129 1458 1167 su-

224 1197 292 1239 pei
297 1183 400 1223 ficit-1
418 1184 670 1238 portionem,
696 1184 817 1238 idque
834 1183 1037 1234 absolute,
1051 1185 1159 1223 nulla
1181 1184 1373 1239 supposita
1387 1186 1460 1225 cir-

222 1240 303 1279 culi
317 1241 577 1295 quadratura,
588 1249 632 1284 δε
646 1239 807 1280 exclufis
820 1241 991 1296 cylindri
1007 1240 1169 1281 basibus.
1205 1242 1459 1282 Problemata

222 1309 344 1351 atque
365 1299 616 1337 theoremata
645 1298 725 1337 iun
721 1313 853 1337 unera
873 1299 1062 1338 habemus
1085 1298 1234 1349 soluta,
1262 1313 1354 1339 cum
1378 1299 1459 1339 cir-

216 1367 270 1393 ca
294 1354 454 1394 conicas
477 1354 686 1404 sectiones,
709 1367 794 1393 tum
810 1355 916 1394 circa
939 1355 1014 1394 alia
1031 1354 1115 1394 fere
1136 1355 1272 1394 omnia
1288 1357 1460 1396 Geome„

223 1409 309 1449 triae
335 1410 411 1450 huc
431 1409 553 1465 usque
578 1425 683 1450 notae
701 1424 783 1449 tam
803 1412 1036 1451 theoreticae
1051 1409 1170 1466 quam
1189 1411 1370 1466 practicae
1391 1428 1460 1452 ca-

224 1466 320 1520 pita.
352 1469 474 1507 Circa
496 1467 809 1507 Arithmeticam
824 1501 833 1517 ‚
850 1468 1069 1518 Muficam,
1085 1468 1299 1520 Opricam,
1320 1470 1459 1509 Astro-

223 1523 423 1574 nomiam,
449 1524 772 1574 Gnomonicam,
792 1531 832 1565 &
853 1523 1180 1580 Geographiam,

339 1611 456 1648 Plura
483 1609 634 1664 quidem
648 1609 760 1662 feci,
781 1624 892 1663 quam
913 1624 987 1665 quae
1011 1606 1320 1665 comprehendere
1340 1610 1459 1650 distis

339 1674 384 1706 In
396 1678 574 1722 promptu
595 1663 696 1704 mihi
706 1666 792 1716 stt,-

227 1748 295 1789 sed
321 1749 387 1789 illa
407 1750 542 1789 onmia
567 1749 751 1803 vulgaiia
774 1748 934 1788 astimo.
985 1751 1199 1799 Attamen,
1228 1748 1293 1788 dic
1316 1747 1458 1802 quibus

226 1806 270 1845 in
293 1807 405 1846 terris
430 1809 540 1846 Luna
566 1806 714 1848 minori
737 1806 860 1868 spatio
881 1820 999 1860 quam
1031 1822 1080 1857 24
1101 1782 1287 1845 hominm]
1313 1805 1460 1844 nostra-

228 1876 316 1902 rum
337 1863 634 1914 communium,
658 1863 715 1902 bis
740 1877 914 1913 oriatur,
941 1875 1007 1901 aut
1025 1862 1083 1901 bis
1105 1862 1264 1902 occidat
1282 1861 1459 1912 ejusdem

228 1919 454 1959 horizontis
478 1920 664 1974 respectu.
697 1919 827 1959 Facile
849 1896 1011 1974 quidem
1026 1919 1253 1966 theorema,
1266 1918 1331 1959 sed
1349 1918 1458 1972 quod

227 1975 356 2029 prima
376 1974 508 2016 fronte
529 1976 759 2031 impoffibile
781 1977 913 2016 multis
940 1975 1134 2016 videatur.
1168 1979 1224 2016 At
1241 1976 1432 2016 Mechan'
1405 1991 1458 2015 1-

228 2046 318 2071 cam
341 2048 361 2071 3
384 2031 651 2073 fundamentis
691 2033 740 2073 ad
771 2032 971 2088 fastigium
1003 2048 1150 2072 novam
1179 2033 1454 2083 extruximus,

229 2089 380 2140 rejectis
401 2090 603 2140 omnibus,
623 2102 760 2145 praeter
785 2105 929 2144 paucos
954 2089 1192 2139 admodum,
1215 2089 1386 2144 antiquis
1404 2089 1457 2128 la-

1113 2149 1152 2188 O
1165 2161 1189 2187 0
1203 2161 1227 2186 0
1255 2146 1280 2200 ij
