1915 2663
1065 155 1146 204 456

488 221 581 261 verb
596 252 606 269 ,
630 218 696 256 vir
716 210 907 270 clariffime
922 245 933 263 ,
953 215 1231 252 εονοίίανίοίιιφκ
1257 214 1368 252 mitto
1389 227 1437 252 ex
1462 213 1546 270 ipsts
1575 214 1710 271 hyper]

494 277 592 315 bolis
613 274 823 312 dedcham.
860 271 1121 325 Quadratum
1140 270 1303 323 quaedam
1325 271 1371 320 ιβ
1384 303 1395 320 ‚
1413 285 1570 325 quarum
1594 285 1708 312 cente.

491 347 584 380 nas,
609 327 720 369 immb
741 331 913 375 infinitas
926 339 1098 381 poteram
1120 330 1292 376 mittere,
1317 329 1391 379 722st
1415 328 1589 379 vidiffim
1603 333 1708 379 satis

480 390 667 444 fitperquc
690 385 753 436 ‘ff
776 399 909 432 unam,
937 395 978 420 ut
995 384 1133 431 statim
1158 396 1281 421 omnes
1295 396 1496 436 emergant.
1549 384 1710 424 Deinde

492 443 536 484 in
559 443 605 482 iis
634 456 729 496 quas
753 440 803 479 ad
838 454 910 478 nos
941 438 1099 489 scribis,
1122 452 1216 492 quas
1236 437 1317 492 ipse
1342 440 1391 478 R.
1415 441 1455 479 P.
1479 440 1597 479 etiam
1618 454 1709 481 ante

491 514 563 540 nos
589 501 761 553 legerat,
795 497 878 536 haec
905 495 1023 535 habes
1053 514 1062 535 ε
1102 500 1144 533 Si
1171 499 1283 534 unius
1310 494 1511 550 hyperbata
1517 502 1713 552 primaria

491 557 726 612 quadrattgra
751 567 827 593 tam
849 554 915 592 diu
943 554 1085 606 quaesita
1109 553 1174 603 cst,
1197 567 1265 590 nos
1279 564 1349 606 pro
1370 567 1443 590 una
1467 555 1619 604 infinias
1640 555 1710 592 da„

490 629 584 652 mus.
626 614 684 651 Ex
707 611 845 664 quibus
871 609 999 650 verbis
1022 608 1149 647 statim
1168 607 1406 648 existimavit
1428 610 1476 648 R.
1496 608 1536 648 P.
1561 609 1707 662 prima.

490 669 558 709 riae
584 668 817 722 hyperboles
838 665 1117 721 quadraturam
1139 664 1160 704 Ξι
1180 678 1219 703 te
1246 664 1450 704 inventam
1470 662 1595 705 fuisse.
1630 667 1710 705 Ita-

491 740 569 780 que
595 724 687 764 cum
708 724 840 778 aliquo
864 723 948 777 post
969 735 1147 775 tempore
1160 754 1171 771 ,
1191 720 1337 774 deipsis
1356 720 1604 774 quadraturis
1620 736 1713 763 cum

490 797 539 821 eo
565 783 815 836 colloquerer
828 813 839 827 ‚
864 778 1116 831 diceremque
1138 792 1220 817 non
1236 776 1447 817 difficulter
1465 776 1548 817 illas
1563 776 1710 817 affecu-

490 850 576 878 tum
603 837 677 876 effe
699 852 762 876 me
788 855 796 876 :
823 836 957 875 Habes
983 849 1078 888 ergo
1099 833 1281 884 tandem,
1309 834 1440 888 inquit
1458 834 1548 884 illc,
1567 835 1711 888 hyper-

486 894 588 933 bolae
612 894 761 932 conicae
783 891 1064 945 quadraturam
1083 902 1093 930 ἒ
1117 889 1626 944 Nequaquam‚respondi;
1644 906 1709 930 ne-

490 965 568 1004 que
584 950 691 989 enim
723 948 902 1003 legitima
925 948 1033 997 haec,
1057 954 1097 987 δε
1125 947 1258 985 nothae
1289 946 1364 985 illae
1391 946 1529 985 iisdem
1559 947 1709 1001 legibus

485 1006 654 1046 addffikae
677 1006 775 1050 sunt.
809 1005 881 1043 Me
904 1003 1118 1052 misellum,
1139 1003 1290 1055 inquit,
1304 1004 1450 1056 quanta
1464 1003 1527 1056 spe
1540 1002 1708 1053 decido,

488 1063 559 1117 qui
586 1063 655 1101 ubi
678 1063 899 1115 Cleopatrae
931 1073 997 1099 aut
1026 1059 1147 1098 etiam
1175 1059 1332 1110 majoris
1366 1059 1492 1113 praetii
1521 1059 1710 1101 unionem

485 1119 644 1173 speravi
663 1151 674 1168 ,
700 1119 756 1158 ibi
778 1118 922 1158 vitreas
951 1114 1107 1156 tanturn
1126 1117 1314 1169 ampullas
1342 1115 1496 1169 reperio
1520 1128 1527 1156 ε
1558 1115 1632 1155 Sed
1662 1115 1712 1155 de

487 1176 573 1216 hoc
599 1174 680 1229 ipse
702 1173 835 1214 forsan
851 1172 1038 1213 rescribet
1058 1187 1066 1208 z
1093 1187 1168 1227 ego
1190 1172 1286 1212 vero
1306 1171 1398 1211 ideo
1419 1171 1624 1225 scripfi,ut
1639 1172 1714 1212 tali.

489 1233 671 1286 exemplo
705 1245 910 1271 monerem
935 1230 1010 1269 hac
1036 1229 1078 1268 in
1107 1229 1272 1268 materia
1291 1244 1372 1268 non
1396 1226 1471 1266 effe
1498 1241 1626 1267 tutum
1647 1229 1711 1268 in-

490 1301 662 1342 terprete
686 1287 765 1333 uti;
788 1287 878 1327 cum
900 1286 1021 1325 etiam
1042 1285 1184 1339 absque
1206 1286 1284 1324 hoc
1305 1297 1423 1324 tautae
1447 1285 1632 1324 eveniant
1653 1286 1709 1323 al-

490 1345 767 1384 lucinationes.
808 1343 885 1382 His
907 1357 1002 1395 ergo
1024 1343 1162 1381 nostris
1190 1341 1407 1381 rationibus
1423 1374 1433 1390 ‚
1461 1340 1709 1381 acerbiffimae

489 1401 621 1440 vestrae
654 1398 912 1440 accusationis
942 1397 1182 1451 argumentis
1204 1399 1422 1435 luculenter
1446 1394 1707 1450 respondisse,

487 1469 609 1511 atque
637 1453 832 1496 cumulate
855 1451 1081 1493 satisfecisse
1103 1454 1310 1508 speramus.
1342 1454 1465 1493 Nunc
1489 1454 1597 1493 vero„

603 1543 735 1596 Aspice
758 1555 846 1579 num
865 1540 1037 1591 magefit
1055 1540 1213 1591 nostrum
1230 1537 1468 1593 penetrabile
1488 1540 1602 1576 telum
1615 1543 1636 1576 ἓ

487 1623 703 1665 Videamus
717 1657 728 1674 ,
747 1623 933 1677 inquam,
951 1637 1055 1661 nunc
1069 1655 1078 1672 ‚
1100 1637 1193 1661 num
1215 1622 1259 1660 fit·
1279 1621 1386 1675 quod
1410 1621 1459 1660 de
1472 1621 1587 1660 vobis
1605 1622 1712 1660 mul-²

486 1681 530 1721 to
560 1681 709 1735 potiori
731 1680 813 1731 jure
846 1679 958 1734 queri
981 1678 1128 1733 possim.
1162 1681 1222 1717 Ac
1244 1677 1427 1732 primum.
1469 1678 1620 1717 Nonne
1637 1692 1707 1718 vos

485 1737 739 1777 trochoidem
765 1736 958 1785 nostram,
984 1735 1185 1789 postquam
1209 1743 1247 1777 δε
1262 1734 1282 1774 a
1302 1737 1349 1775 R.
1372 1736 1412 1774 P.
1430 1734 1646 1774 Mersenno
1664 1741 1706 1775 δε
1733 1745 1737 1749 “

484 1794 507 1834 a
528 1794 640 1834 nobis
668 1793 812 1833 moniti
836 1793 921 1832 estis
940 1826 950 1843 ‚
975 1793 1053 1843 jam
1080 1792 1101 1831 ἒῑ
1124 1792 1255 1831 multis
1282 1791 1393 1830 annis
1422 1806 1506 1830 cam
1534 1791 1708 1830 nostram

484 1850 561 1890 effe
574 1884 587 1901 ‚
609 1865 773 1904 eamque
793 1849 904 1889 brevi
924 1850 944 1888 a
970 1848 1082 1889 nobis
1102 1848 1144 1887 in
1159 1851 1287 1887 lucem
1304 1846 1563 1887 emittendam
1577 1880 1587 1896 ,
1607 1847 1707 1900 post-

485 1908 602 1962 quam
622 1907 755 1947 vestris
775 1906 824 1946 ad
842 1905 967 1960 ipsum
980 1908 1027 1945 R.
1043 1906 1085 1943 P.
1101 1912 1140 1946 δε
1156 1905 1279 1943 adme
1294 1903 1417 1942 literis
1432 1902 1600 1956 polliciti
1618 1903 1705 1943 estis

484 1980 554 2004 vos
576 1965 695 2003 talem
716 1962 873 2003 messem
892 1961 1004 2000 nobis
1025 1961 1226 2000 relicturos
1247 1962 1453 2002 intatslzamv,
1471 1973 1603 1998 tamen
1617 1974 1703 1998 orn-

481 2021 525 2060 ni
547 2022 630 2070 jure
644 2053 655 2070 ‚
683 2035 727 2059 ac
749 2020 872 2060 vestra
892 2018 1012 2057 etiam
1032 2016 1109 2056 fide
1131 2017 1289 2056 violatis
1304 2050 1314 2066 ,
1336 2016 1704 2070 tanquamvestram

482 2092 565 2119 non
595 2077 718 2118 literis
751 2075 872 2116 modo
899 2073 1170 2128 manuscriptis
1193 2080 1444 2129 (quanquam
1471 2071 1701 2170 ῃὲηυεὲωε

1513 2142 1605 2168 eren
1636 2141 1701 2167 um
