1915 2663
324 175 400 215 DE
434 174 534 215 Rus
555 185 659 212 otu
678 183 855 212 '1⁴10NE
889 172 1090 223 AEoxmr
1110 180 1303 214 roN'uM.
1358 185 1433 226 145

227 256 230 259 ·
264 237 356 277 Nec
389 235 482 275 ideo
515 234 660 289 phrafis
693 234 950 274 Geometrica
969 235 989 274 a
1012 235 1250 289 praecedenti
1279 235 1434 276 diversa.

203 293 260 332 est
274 327 284 344 ‚
303 292 375 332 nifi
385 292 432 331 in
453 305 501 330 eo
523 290 677 330 tantum
699 290 808 346 quod
828 293 939 331 reecae
960 293 1029 330 KL
1043 325 1053 341 ‚
1072 294 1152 332 AD
1167 325 1178 342 ‚
1199 291 1287 331 sunt
1308 290 1358 331 ad
1369 291 1432 332 di-

206 350 333 391 versas
354 361 484 403 partes
510 347 625 402 ipfius
653 349 746 394 BC3
778 348 1104 403 quandoquidem
1130 349 1180 388 sic
1203 349 1330 404 exigit
1353 350 1433 389 loci

204 419 358 447 natura.

262 463 408 516 Neque
423 463 544 503 etiam
566 461 689 502 refert
711 478 760 502 an
775 464 887 503 recht
901 464 983 502 AD
996 495 1006 511 ‚
1017 463 1097 501 HE
1111 495 1121 512 ‚
1138 462 1186 501 IF
1204 495 1215 512 ,
1235 463 1308 502 KL
1321 496 1332 514 ,
1353 470 1431 506 δίε.

209 519 283 559 fint
306 520 651 574 perpendiculares
668 520 738 574 ipfi
757 521 826 559 BC
843 552 854 570 ‚
873 520 937 558 vel
960 517 1009 557 ad
1023 518 1135 557 illam
1147 518 1338 573 obliquae3
1355 521 1435 561 hoc

206 575 316 617 enim
337 577 401 616 vel
420 576 492 617 illo
506 576 627 616 modo
641 576 790 630 semper
809 590 948 616 verum
963 574 1039 614 erit
1054 574 1164 629 quod
1181 575 1432 630 proponitur.

262 635 310 672 In
327 635 469 673 octavo
489 634 684 688 exemplo.
714 634 764 679 In
785 633 973 672 alterutra
988 631 1202 686 figurarum
1213 632 1437 686 praeceden-

205 689 307 730 tium
329 704 499 744 ponatur
527 691 632 729 reeta
656 690 738 728 AD
768 687 844 727 effe
873 689 955 728 axis
975 689 1170 743 parabolae
1194 723 1205 740 ‚
1231 689 1281 729 ad
1312 705 1434 744 quam

204 744 298 786 ideo
327 746 661 801 perpendicularis
692 744 736 783 fit
759 744 978 785 ordinatim
1001 746 1197 800 applicata
1221 747 1290 786 BC
1311 780 1322 797 ‚
1354 747 1435 787 exi·

206 802 392 842 stentibus
412 802 566 857 angulis
589 803 726 852 ADB,
749 803 870 842 ADC
889 802 1024 847 rectis3
1048 802 1170 857 fitque
1190 803 1232 842 in
1253 817 1325 842 axe
1347 806 1432 844 AD

201 857 396 912 producto
411 893 421 910 ,
435 860 461 899 fi
473 874 570 915 opus
585 859 629 898 fit
640 893 651 910 ‚
667 858 778 899 focus
801 862 837 900 G
853 893 863 910 ,
877 858 898 899 a
911 875 990 914 quo
1007 858 1058 904 ad
1070 861 1212 913 puncta
1227 861 1321 911 HJ,
1336 862 1432 912 B‚L,

204 922 282 957 &c.
307 931 552 971 quaecunque
568 917 611 956 in
626 916 814 971 parabola
835 916 1027 967 existunt,
1053 916 1247 956 ducantur
1263 916 1436 959 totidem

199 974 318 1012 recl·ae
335 975 419 1013 GH
432 1007 443 1023 ,
457 976 515 1014 GI
529 1007 539 1024 ,
555 975 624 1014 GB
640 1007 650 1024 ‚
669 975 742 1013 GL
756 1007 766 1024 ‚
789 982 830 1015 δε
846 974 1097 1013 reflectantur
1116 973 1202 1012 alia:
1215 975 1435 1025 rec‘taeHF„

205 1029 255 1068 IF
273 1063 284 1080 ,
308 1031 380 1069 LK
402 1030 452 1070 ad
465 1030 644 1085 quamvis
661 1029 880 1070 ordinatim
897 1030 1136 1084 applicatam
1156 1031 1226 1070 BC
1240 1029 1437 1084 quantum

205 1085 296 1125 satis
329 1086 563 1140 productam
588 1121 598 1138 ‚
624 1086 969 1142 perpendiculares
993 1106 1001 1127 :
1027 1100 1121 1126 tunc
1142 1087 1240 1127 vero
1259 1095 1273 1136 (
1289 1087 1438 1128 eximia.

205 1141 296 1181 sane
320 1144 516 1196 parabolae
543 1143 785 1198 proprietas)
819 1144 964 1197 quaevis
992 1143 1108 1182 dueta
1138 1144 1222 1182 GH
1254 1158 1346 1184 cum
1370 1144 1437 1185 sua

203 1199 350 1238 reflexa
378 1201 480 1250 HE,
501 1200 660 1254 :equalis
685 1199 761 1239 erit
784 1199 909 1239 cuivis
937 1199 1005 1238 alii
1029 1198 1153 1239 duclae
1178 1201 1236 1240 GI
1263 1215 1355 1241 cum
1370 1202 1437 1242 sua,

203 1255 350 1295 reflexa
374 1257 422 1295 IF
448 1263 524 1299 δίε.
575 1255 783 1311 Siquidem
812 1257 966 1296 reflexae
998 1256 1086 1310 ipsae
1115 1256 1290 1310 respec‘tu
1319 1257 1436 1312 ipsius
1510 1257 1512 1259 ’

204 1313 275 1352 BC
288 1345 299 1360 ,
312 1328 449 1353 omnes
477 1313 550 1353 s1nt
563 1313 613 1353 ad
634 1327 761 1368 partes
780 1313 939 1354 verticis
963 1316 1000 1352 A
1013 1347 1024 1364 ,
1039 1321 1079 1355 δε
1099 1314 1248 1353 summa
1268 1314 1436 1366 cujusvis

208 1370 298 1409 talis
323 1369 447 1410 dustae
468 1386 559 1411 cum
583 1371 650 1410 sua
670 1372 815 1411 reflexa
832 1405 843 1422 ,
860 1370 952 1425 puta
976 1369 1125 1410 summa
1147 1372 1268 1410 GHE
1286 1404 1296 1420 ‚
1311 1387 1438 1426 aequa-

205 1427 255 1468 lis
271 1427 346 1466 erit
365 1427 521 1468 summae
534 1429 738 1468 ambarum
761 1430 884 1468 GAD
898 1461 909 1477 ‚
931 1427 1007 1468 five
1024 1427 1097 1467 uni
1119 1429 1232 1467 reeta:
1255 1429 1325 1468 GE
1351 1444 1438 1482 quae

206 1482 289 1523 sola
317 1483 434 1524 ducta
450 1486 504 1524 est
523 1519 534 1536 ,
555 1486 621 1525 cui
641 1487 751 1525 nulla
771 1485 963 1524 convenit
984 1485 1129 1524 reflexa
1142 1484 1316 1538 respectu
1328 1485 1441 1525 ordi-

207 1553 310 1580 natae
339 1542 420 1582 BC.
453 1542 579 1597 Quod
597 1542 620 1581 fi
637 1541 761 1582 duclae
784 1541 965 1596 quaedam
980 1575 990 1591 ‚
1013 1555 1056 1581 ut
1075 1544 1149 1581 GL
1177 1549 1254 1582 &a
1278 1541 1361 1581 suas
1379 1557 1442 1581 re-

208 1597 329 1637 flexas
357 1599 429 1638 LK
457 1607 535 1640 &a
565 1600 738 1639 habeant
755 1598 805 1638 ad
822 1601 963 1638 alteras
983 1611 1110 1651 partes
1132 1597 1291 1636 verticis
1309 1601 1344 1637 A
1363 1599 1444 1637 res-

209 1655 326 1709 pectu
350 1653 541 1694 ordinatae
568 1657 636 1695 BC
665 1675 672 1696 ε
695 1669 790 1695 tuuc
814 1653 1042 1694 differentia
1065 1654 1168 1692 iuter
1191 1652 1350 1692 ductam
1369 1655 1444 1694 GL

211 1718 255 1752 &
276 1711 464 1750 reflexam
483 1713 554 1751 LK
568 1712 726 1766 aequalis
749 1712 802 1750 est
825 1711 955 1750 eidem
979 1712 1062 1750 GB.
1106 1709 1192 1749 Erit
1211 1723 1308 1763 ergo
1325 1726 1441 1764 para-

211 1766 304 1807 bola
315 1768 425 1810 locus
437 1766 486 1806 ad
502 1780 760 1821 quotcunque
777 1770 899 1807 restas
912 1768 960 1806 ab
971 1766 1114 1806 eodem
1126 1767 1271 1819 puncto
1284 1765 1418 1807 duetas
1429 1781 1455 1817 ‚'

211 1835 333 1878 atque
353 1823 374 1864 a
387 1824 574 1878 parabola
595 1824 646 1863 ad
667 1823 835 1864 eandem
855 1824 1030 1877 aliquam
1046 1823 1165 1862 aliam
1184 1823 1332 1862 tedam
1350 1839 1440 1878 per-

212 1881 521 1935 pendiculariter
535 1881 697 1921 reflexas
711 1914 721 1931 ‚
738 1881 793 1920 ita
805 1894 849 1920 ut
865 1879 1014 1920 summa
1037 1881 1101 1920 vel
1123 1877 1350 1919 differentia
1376 1894 1441 1920 cu·

212 1937 329 1989 jusvis
345 1938 469 1979 duckae
492 1946 532 1980 δε
555 1937 628 1978 suae
639 1939 793 1978 reflexae
813 1938 973 1992 aequalis
996 1937 1040 1976 fit
1059 1936 1179 1977 alicui
1203 1935 1305 1976 data:
1328 1939 1442 1978 reela.-

212 1994 340 2035 lineae.

275 2051 409 2091 Plu-asi
430 2052 698 2092 Geometriczz.
733 2052 916 2107 Exposita
944 2052 1179 2107 quacunque
1209 2049 1313 2090 recta
1338 2049 1442 2089 linea

215 2107 525 2152 indeterminata
547 2109 637 2159 BC,
654 2108 889 2165 fignatisque
914 2109 958 2152 in
980 2123 1026 2150 ea
1042 2107 1194 2149 duobus
1219 2106 1370 2162 punctis
1385 2107 1438 2155 B,

259 2174 344 2210 Bes,
361 2167 407 2208 de
421 2167 570 2208 l'Acad„
585 2174 684 2208 ‘Iam²
703 2174 764 2209 VI.
1234 2164 1272 2206 T
