1915 2663
442 108 516 142 162
565 99 640 139 DE
674 99 749 138 RE
769 109 1095 141 sorurxom:
1128 97 1538 152 AEQUATIoNUM.

437 156 579 196 deduci
603 154 727 208 potest
743 156 818 208 qua
837 155 917 210 ipsa
932 157 1056 197 ovalis
1071 170 1182 196 motu
1197 157 1332 210 aliquo
1349 158 1542 196 continuo
1565 155 1656 196 dess-

437 213 675 261 criberetur,
701 226 774 250 nec
797 212 984 252 machina
1007 213 1055 253 ad
1076 215 1194 253 talem
1208 212 1514 267 descriptionem
1526 213 1659 267 requi-

440 268 507 306 fita
519 299 530 316 ,
546 281 789 320 quamquam
809 267 897 307 satis
911 270 1126 322 composita
1139 302 1150 320 ,
1167 269 1384 310 admodum
1408 269 1580 309 difficilis
1601 269 1656 308 es-

439 323 517 373 set,
545 338 618 362 nec
641 322 760 362 unico
787 322 909 362 modo
931 324 1181 377 perficeretur
1198 358 1209 375 ,
1229 327 1355 367 immo
1378 325 1511 366 forsan
1534 326 1661 366 innu-

438 378 554 418 meris
575 398 582 418 :
606 392 645 417 at
665 379 761 418 vero
779 378 862 418 haec
882 378 932 419 ad
954 380 1186 434 organicam
1202 382 1330 435 potius
1342 383 1543 437 pertinent
1557 414 1570 433 ,
1583 396 1660 423 nos-

439 448 573 474 autem
592 433 642 474 de
660 435 758 474 locis
778 436 1030 489 geometricis
1044 437 1110 477 hic
1126 437 1291 491 agimus.

499 492 613 530 Patet
633 506 728 546 ergo
748 494 868 532 talem
882 495 1039 534 ovalem
1063 494 1195 534 locum
1217 494 1292 533 esse
1314 493 1363 532 ad
1381 496 1502 534 rectas
1526 495 1568 534 in
1592 510 1660 534 ra-

440 547 552 587 tione
574 547 666 588 data
687 548 913 593 existentes;
939 549 1128 603 siquidem
1150 552 1216 589 BE
1239 549 1289 590 ad
1316 550 1377 588 EF
1391 582 1403 597 ,
1420 552 1493 590 ΒΧ
1511 549 1631 590 adXI
1645 584 1661 602 ,

441 605 511 643 BY
532 602 580 643 ad
594 607 653 644 YI
667 637 678 655 ‚
703 607 770 645 BV
792 604 842 645 ad
858 607 942 645 VH
956 638 967 653 ‚
992 614 1066 648 &a
1089 606 1175 645 sunt
1197 607 1346 660 semper
1368 606 1411 646 in
1436 605 1575 646 eadem
1595 621 1661 661 raf

442 660 552 700 tione
567 694 577 710 ,
595 676 738 714 nempe
756 661 798 700 in
817 662 971 701 ratione
986 661 1233 702 rofi-aetionis
1248 662 1400 702 adenso
1417 662 1466 702 ad
1478 677 1620 703 rarum.

481 720 553 770 ‘At
575 717 703 771 phrasi
719 719 960 772 geometrica
974 718 1021 758 fic
1035 721 1258 773 loquemur.
1293 719 1474 774 Exposita
1492 720 1664 773 quacun*

445 786 520 824 que
538 775 640 813 reeta
660 776 728 813 AB
741 773 949 814 indefinita
962 808 972 824 ‚
987 775 1220 829 {ignarisque
1242 776 1285 815 in
1301 791 1346 815 ea
1368 774 1518 815 duobus
1536 790 1662 829 punc-

444 828 492 867 tis
519 831 554 867 A
570 861 580 875 ,
597 832 625 868 B
640 863 651 879 ,
666 845 709 869 ac
722 829 918 885 descripto
936 845 1074 871 centro
1091 836 1127 871 A
1149 832 1418 874 &intervallo
1433 833 1501 871 AF
1520 831 1662 883 majori

444 883 562 937 quam
584 887 678 936 AB,
703 886 854 925 circulo
879 888 975 926 FIH
998 920 1008 937 ,
1040 887 1232 942 ductaque
1266 888 1316 928 ad
1341 889 1419 939 ejus
1447 886 1665 927 circumfe-

441 941 612 981 rentiam
631 942 864 996 quficunque
886 944 989 982 rena
1006 946 1061 983 AI
1076 959 1160 997 quae
1173 945 1221 983 fic
1239 943 1387 983 secetur
1407 945 1450 983 in
1462 947 1503 983 X
1516 958 1580 994 ‚ut
1598 960 1665 984 ra-

446 996 504 1034 tio
521 999 633 1036 rectae
652 1000 723 1038 ΒΧ
737 998 787 1038 ad
809 1001 871 1038 XI
896 998 988 1039 data
1005 999 1048 1038 fit
1061 1032 1071 1046 ‚
1089 999 1154 1039 sed
1173 1001 1338 1039 minoris
1359 1000 1636 1053 inaequalitatis
1649 1033 1669 1051 ,,

446 1052 522 1091 erit
546 1056 733 1107 punctum
753 1058 794 1094 X
819 1054 868 1095 ad
884 1056 1032 1095 lincam
1054 1058 1282 1110 quampiam
1303 1055 1463 1107 alicujus
1484 1057 1664 1110 generis,

445 1110 554 1162 quod
577 1125 650 1149 nec
673 1110 722 1150 ad
753 1113 873 1151 restas
899 1127 972 1152 nec
993 1112 1044 1152 ad
1067 1113 1226 1153 conicas
1254 1112 1426 1167 pertinet
1441 1144 1452 1163 ‚
1468 1120 1507 1154 &1
1530 1126 1669 1154 tamen.

441 1164 491 1205 ad
510 1166 762 1220 Dioptricam
781 1169 879 1207 utile
901 1168 976 1208 effe
1002 1170 1162 1223 poterit.

498 1223 721 1277 (Quomodo
742 1237 894 1271 autem,
919 1233 959 1267 &
989 1225 1149 1279 quando
1173 1225 1364 1277 ejusmodi
1384 1226 1508 1266 ovalis
1531 1225 1664 1280 Diop-

447 1279 553 1318 tricae
573 1279 779 1331 inserviet,
802 1281 851 1321 fic
864 1281 1163 1323 declarabimus.
1197 1281 1262 1322 Ad
1279 1283 1355 1322 hoc
1373 1281 1460 1322 sane
1473 1282 1557 1322 duae
1571 1298 1666 1324 con-

445 1333 618 1374 ditiones
635 1336 837 1391 praecipuae
856 1339 1123 1392 requiruntur.
1157 1339 1288 1378 Prima
1309 1340 1439 1389 est‚ut
1453 1339 1553 1379 ratio
1572 1338 1666 1381 data

447 1391 520 1429 ΒΧ
535 1391 583 1430 ad
594 1394 654 1431 XI
674 1392 717 1431 fit
730 1393 830 1432 ratio
844 1393 1091 1434 refrafflonis
1104 1395 1124 1434 a
1136 1394 1256 1434 denso
1270 1394 1319 1434 ad
1329 1410 1458 1434 rarum
1469 1395 1572 1434 inter
1582 1394 1666 1436 duo

446 1460 613 1500 corpora
636 1447 834 1502 diaphana
858 1465 924 1504 per
944 1467 1028 1505 quae
1046 1450 1175 1491 radius
1193 1451 1346 1505 opticus
1361 1451 1436 1490 five
1453 1451 1596 1505 species
1608 1452 1665 1491 vi-

446 1502 741 1544 sibilisrtranfire
759 1504 887 1546 debet.
922 1506 1098 1547 Secunda
1113 1541 1123 1558 ,
1145 1521 1187 1546 ut
1212 1507 1312 1547 datis
1334 1507 1485 1547 duobus
1510 1508 1663 1562 puniris

442 1561 479 1598 A
494 1591 504 1607 ,
520 1561 547 1598 Β
561 1592 571 1608 ,
587 1560 876 1601 semidiameter
896 1564 963 1602 AF
982 1579 1064 1603 non
1086 1564 1129 1603 fit
1155 1564 1418 1618 cujuscunque
1440 1564 1666 1618 longitudi-

443 1614 525 1664 nis,
548 1614 612 1654 scd
630 1616 699 1656 illa
715 1619 841 1669 major
861 1618 1022 1672 quidem
1042 1621 1085 1659 fit
1097 1620 1213 1674 qulam
1231 1623 1300 1659 AB
1314 1654 1324 1671 ‚
1338 1634 1378 1660 at
1393 1620 1525 1660 minor
1545 1620 1665 1675 quam

443 1685 488 1709 ea
504 1673 608 1711 reeca
625 1672 674 1712 ad
688 1689 806 1728 quarn
827 1678 895 1715 ,AB
919 1676 1038 1716 habet
1054 1678 1251 1716 rationem
1263 1675 1510 1716 refraffionis
1524 1676 1544 1716 Ξι
1562 1677 1662 1717 den-

443 1728 483 1765 so
505 1726 554 1765 ad
573 1743 724 1780 rarum,
739 1730 894 1784 sequani
910 1734 973 1772 BE
987 1733 1037 1772 ad
1055 1735 1116 1772 EF
1132 1754 1140 1777 ;
1159 1747 1202 1771 ut
1226 1733 1273 1772 sic
1289 1731 1492 1787 postquam
1513 1731 1662 1775 factum

442 1780 562 1822 fuerit
584 1797 626 1823 ut
648 1785 712 1824 FE
731 1787 781 1825 ad
805 1789 890 1838 ΕΒ,
911 1787 967 1827 ita
989 1790 1056 1828 ΡΑ
1078 1789 1127 1827 ad
1151 1791 1244 1837 BG,
1264 1789 1344 1843 ipsa
1369 1791 1441 1828 BG
1468 1788 1598 1829 minor
1614 1790 1660 1829 sit

441 1837 557 1891 quam
585 1842 654 1880 AB
672 1861 680 1885 3
703 1856 796 1882 nam
819 1843 879 1882 his
900 1844 1196 1884 conditionibus
1217 1857 1283 1884 aut
1299 1847 1421 1884 altera
1441 1860 1576 1886 earum
1588 1846 1662 1886 de-

442 1894 663 1936 ficientibus
674 1930 685 1948 ‚
707 1897 990 1940 describeretur
1003 1901 1162 1955 quidem
1179 1901 1309 1955 aliqua
1323 1902 1426 1942 linea
1440 1917 1559 1942 curva
1573 1936 1583 1954 ‚
1596 1903 1664 1944 sed

442 1965 526 2011 5111ae
545 1952 595 1993 ad
617 1954 870 2009 Dioptricam
892 1957 1044 1997 inutilis
1074 1957 1191 1998 effet:
1217 1958 1308 1998 cum
1333 1972 1466 1998 autem
1494 1958 1662 2000 aderunt

443 2009 515 2047 illa:
533 2009 805 2062 conditiones,
821 2026 914 2055 tunc
934 2014 1019 2055 usus
1042 2015 1146 2056 illius
1166 2015 1209 2056 iu
1232 2015 1446 2072 Dioptrica
1459 2015 1550 2056 talis
1569 2015 1656 2057 erit.
