1915 2663
1041 193 1122 229 4¹44

486 241 576 279 clam
605 239 770 283 habeam
796 238 956 277 interim
981 237 1077 277 alius
1107 236 1272 277 eandem
1298 237 1319 277 Ξι
1344 237 1380 277 se
1403 252 1560 292 quoque
1587 235 1701 278 dete-

487 297 610 344 ctam,
635 294 783 348 palam,
806 293 1078 348 plaudentibus
1107 294 1313 345 omnibus,
1338 295 1527 345 ostendit,
1554 309 1599 334 ac
1625 309 1698 348 pu·-

487 350 579 388 blici
607 351 698 399 juris
728 349 846 394 facit3
868 350 923 389 ita
945 354 988 388 uTt
1007 350 1150 388 exinde
1171 351 1386 403 periculum
1408 351 1452 390 s1t
1474 366 1522 390 ne
1545 350 1697 400 ridear,

489 405 514 442 si
534 405 554 443 ἦ
575 421 636 444 me
656 421 815 460 quoque
831 407 1033 446 inventam
1057 404 1169 444 fuiffe
1190 405 1450 448 affirmavero.
1479 408 1542 446 Est
1566 421 1700 446 tamen

488 460 591 499 inter
616 463 827 502 Clarissimi
848 461 1065 502 Cavallerii
1085 461 1318 501 methodum
1343 470 1382 503 &
1404 463 1575 502 nostram
1592 495 1602 509 ‚
1621 463 1700 501 exi-

489 531 563 569 gua
585 517 762 570 quaedam
792 517 1029 558 differentia.
1072 520 1144 557 Ille
1171 518 1279 557 enim
1298 518 1461 569 cujusvis
1484 518 1701 572 superficiei

485 572 735 614 indivisibilia
758 573 969 614 secundum
995 573 1168 614 infinitas
1190 574 1331 618 lineas;
1358 573 1469 613 solidi
1484 587 1614 615 autem
1635 575 1699 614 in-

484 627 694 669 divisxbilia
717 630 1113 671 secunduminfinitas
1130 630 1349 684 superficies
1363 630 1591 671 considerat.
1622 633 1704 671 Un-

485 684 533 723 de
557 700 603 724 cx
623 688 846 740 vulgaribus
871 688 1094 726 Geomettis
1120 687 1319 740 plerique;
1339 686 1402 725 sed
1417 694 1457 728 δε
1476 687 1636 741 quidam
1653 700 1701 727 ex

486 742 655 795 fiipcrbis
677 744 751 782 illis
776 744 903 783 sciolis
927 744 994 797 qui
1016 743 1086 783 soli
1105 743 1211 782 (1οᾶ1
1229 743 1363 784 haberi
1376 745 1539 794 volunt,
1552 743 1700 797 quique

488 796 513 834 sl
534 798 635 837 nihil
656 798 763 838 aliud
780 833 790 849 ‚
813 798 919 839 certe
944 801 1021 839 hoc
1043 815 1166 839 unum
1189 799 1277 839 satis
1299 799 1470 850 habent,
1489 813 1532 839 ut
1552 800 1594 839 in
1615 813 1700 839 ma-

483 867 654 905 gnorum
680 856 877 895 Virorum
892 871 1010 909 opera
1031 856 1235 910 insurgant
1254 887 1265 902 ‚
1288 855 1396 910 quod
1420 858 1440 894 a
1472 857 1507 894 se
1534 854 1699 895 minime

484 908 662 961 profesta
685 910 760 949 css'e
784 911 1014 961 invideant,
1040 912 1284 950 occasionem
1309 911 1497 966 carpendi
1513 914 1708 957 Cavalle⁴>⁸

482 965 533 1003 rii
557 966 826 1019 arripuerunt,
848 981 1037 1020 tanquam
1055 968 1080 1006 si
1097 968 1162 1007 ille
1185 980 1251 1006 aut
1275 967 1492 1021 superficies
1505 984 1551 1007 ex
1564 968 1698 1019 linem,

484 1034 551 1059 aut
565 1021 685 1061 solida
702 1038 753 1075 ‘ex
768 1023 1039 1077 superficiebus
1052 1024 1186 1064 revera
1202 1024 1379 1063 constare
1395 1025 1527 1065 vellet.
1563 1027 1701 1079 Qlana·

483 1091 602 1130 quam
634 1092 765 1118 autem
797 1080 858 1119 illi
880 1095 1014 1120 coram
1044 1080 1206 1125 eruditis
1234 1080 1336 1119 nihil
1363 1080 1471 1120 aliud
1498 1083 1702 1122 lucrentur

483 1133 600 1185 quam
620 1135 856 1188 ignorantia:
880 1149 946 1175 aut
963 1136 1122 1176 invidia:
1147 1136 1304 1176 titulum
1318 1170 1328 1187 ,
1341 1150 1474 1176 tamen
1491 1137 1612 1177 iidem
1628 1153 1699 1178 co-

479 1203 566 1228 ram
587 1191 780 1245 imperitis
793 1225 803 1241 ‚
828 1193 891 1232 sua
910 1194 1151 1232 authoritate
1165 1227 1174 1243 ‚
1197 1193 1245 1232 de
1266 1192 1474 1233 ἀοᾶοωηι
1495 1193 1600 1233 fama
1617 1209 1703 1237 non

479 1246 735 1287 mediocriter
757 1248 992 1294 detralmm·;
1016 1264 1089 1288 nec
1112 1250 1158 1288 ab
1179 1249 1224 1288 iis
1247 1249 1384 1290 illaesus
1408 1250 1526 1290 evafit
1550 1253 1698 1291 Caval-

479 1301 611 1343 letius.
665 1306 810 1344 Nostra
837 1319 967 1345 autem
986 1305 1195 1345 methodus
1210 1339 1220 1356 ,
1243 1306 1267 1344 ss
1287 1321 1370 1345 non
1399 1307 1535 1346 omnia
1550 1340 1560 1357 ‚
1591 1307 1697 1347 certe.

481 1357 559 1397 hoc
589 1374 703 1399 cavet
721 1394 730 1410 ,
758 1376 808 1400 ne
835 1362 1100 1415 heterogenea
1131 1376 1360 1414 comparare
1390 1362 1570 1402 videatur
1593 1381 1600 1402 :
1623 1379 1695 1405 nos

481 1414 589 1452 enim
610 1415 766 1455 infinita
795 1417 924 1456 nostra
953 1417 1015 1456 seu
1039 1416 1290 1457 indivifibilia
1314 1418 1362 1457 sic
1392 1419 1692 1462 consideramus.-

481 1469 648 1510 Lineam
679 1472 838 1525 quidem
870 1485 1057 1525 tanquam
1085 1474 1110 1511 sl
1132 1489 1177 1512 ex
1201 1473 1365 1513 infinitis
1387 1474 1450 1513 seu
1479 1476 1694 1517 indefinitis

478 1539 644 1565 numero
668 1527 780 1567 lineis
800 1529 950 1567 constet
963 1562 972 1578 ,
990 1529 1231 1582 superficiem
1250 1544 1296 1568 ex
1316 1530 1480 1570 infinitis
1504 1533 1566 1572 seu
1587 1532 1694 1573 inde-

477 1580 599 1621 finitis
621 1598 787 1623 numero
811 1584 1082 1638 superficiebus
1096 1618 1106 1635 ,
1130 1585 1297 1625 solidum
1318 1601 1364 1625 ex
1395 1587 1524 1627 solidis
1538 1621 1548 1635 ,
1568 1604 1696 1643 angu-

477 1637 557 1676 lum
576 1653 622 1677 ex
644 1641 797 1694 angulis
810 1674 820 1691 ,
838 1656 1046 1681 numerum
1064 1656 1110 1681 ex
1130 1643 1345 1682 unitatibus
1362 1643 1579 1685 indefinitis
1594 1664 1601 1685 :
1615 1647 1694 1686 irn-

477 1708 543 1732 mo
579 1697 895 1750 plano-planum
915 1712 962 1737 ex
985 1701 1102 1752 plano
1116 1700 1267 1752 -planis
1289 1714 1454 1740 nurnero
1476 1701 1695 1743 indefinitis

475 1752 664 1804 componi
695 1754 939 1807 concipimus
961 1788 971 1803 ,
1001 1768 1118 1809 atque
1141 1756 1194 1795 ita
1218 1756 1265 1796 de
1289 1757 1517 1802 altioribus;
1543 1759 1690 1812 fingula

476 1807 591 1847 enim,
609 1807 689 1848 suas
718 1810 864 1849 habent
884 1811 1084 1851 utilitates.
1133 1814 1243 1851 Dum
1268 1826 1398 1852 autem
1423 1813 1591 1867 speciem
1617 1816 1689 1854 ali-

475 1878 594 1917 quam
613 1864 655 1902 in
672 1865 735 1904 sua
754 1865 910 1906 infinita
924 1868 1148 1908 resolvimus
1163 1901 1173 1918 ‚
1187 1869 1447 1922 aequalitatem
1467 1871 1664 1924 quandam
1676 1906 1688 1922 ‚

474 1921 537 1959 vel
558 1919 663 1959 certe
690 1935 827 1962 notam
853 1924 1026 1977 aliquam
1057 1925 1362 1978 progrcffionem
1386 1925 1489 1965 inter
1520 1928 1703 1981 partium-

474 1975 699 2017 altitudines
717 1992 782 2017 aut
802 1979 1028 2019 latitudines
1055 1978 1136 2019 fere
1157 1981 1303 2035 semper
1321 1982 1581 2024 observamus.
1612 1985 1686 2024 Sed

475 2032 522 2070 de
539 2034 616 2072 hoc
637 2033 724 2073 satis
743 2034 930 2089 superque
950 2055 957 2075 ε
982 2050 1086 2076 nunc
1108 2035 1156 2075 ad
1174 2053 1242 2077 vos
1258 2037 1389 2078 redeo.
1428 2038 1533 2079 Cum
1550 2040 1686 2093 itaque

474 2103 496 2127 0
499 2103 547 2142 pe
557 2088 855 2134 indivisibilium
866 2093 990 2134 multa
1003 2092 1260 2147 protulissem,
1273 2093 1433 2138 tandem
1445 2110 1549 2138 anno
1567 2111 1582 2138 1
1593 2105 1614 2138 6
1621 2112 1636 2152 3
1646 2114 1697 2150 ψ
