1915 2663
807 169 888 212 467

218 227 300 270 Ἰοςς
323 236 363 265 at
382 223 587 280 portiones
615 222 697 262 axis
726 223 807 262 AO
835 223 938 261 inter
962 219 1156 262 vorticem
1184 220 1244 270 A,
1268 226 1308 261 δε
1331 218 1457 273 appli-

215 297 330 323 catas
344 282 572 335 intercepta:
583 312 593 330 ,
609 278 699 332 puta
710 281 816 333 AQ,
835 280 904 319 ΑΡ
918 311 929 329 ‚
945 280 1026 318 AO
1039 310 1050 327 ,
1066 284 1143 318 &a
1160 277 1326 330 aequales
1342 286 1458 315 erunt

221 339 337 381 rectis
360 339 454 388 ΡΧ,
467 339 543 377 GV
557 369 569 387 ,
585 337 660 376 KA
674 368 684 383 ‚
700 343 775 377 &a
800 335 957 389 fingulae
981 334 1139 388 singulis
1161 332 1296 373 debito
1312 331 1454 372 ordine

224 394 420 449 sumptis:
442 408 528 448 quat
555 393 692 432 onmia
717 407 764 431 ex
791 392 1082 432 constructione
1115 387 1321 430 manifesta
1353 389 1455 430 sunt.

224 453 291 492 Est
313 464 445 490 autem
466 451 509 490 in
527 450 664 504 quavis
686 449 870 504 parabola
883 482 892 499 ,
916 462 959 488 ut
976 448 1047 488 ΡΧ
1065 446 1115 487 ad
1132 449 1205 487 XB
1218 480 1228 498 ,
1245 447 1293 486 fic
1311 448 1387 487 GV
1402 444 1454 485 ad

222 508 296 549 VB
311 540 321 555 ‚
337 515 377 549 δε
393 508 442 547 fic
463 508 540 547 KA
560 507 609 546 ad
623 508 691 547 AB
705 539 716 556 ,
732 519 891 560 propter
912 518 1120 559 tangentes
1136 505 1206 544 DF
1222 536 1233 551 ,
1248 505 1318 543 EG
1333 536 1343 553 ‚
1361 503 1452 543 CK.

221 567 366 620 Qlare
387 564 463 604 erit
484 578 644 618 quoque
658 597 668 613 ,
690 563 810 617 polita
827 563 867 602 in
885 563 1017 602 nostro
1033 562 1215 614 exemplo
1229 560 1364 614 quavis
1382 574 1454 614 pa-

223 623 362 663 rabolfi
384 622 556 671 BDEC,
577 634 619 660 uc
642 622 736 673 AQ
751 619 802 658 ad
834 621 930 669 ΒΧ,
956 619 1012 658 ita
1038 619 1106 658 ΑΡ
1131 617 1179 656 ad
1212 619 1279 657 BV
1297 650 1307 666 ,
1335 616 1452 658 &ita

226 681 307 719 AO
330 677 380 717 ad
404 680 496 728 BA,
518 684 594 719 &a
628 677 692 716 Est
711 689 807 729 ergo
824 690 945 714 curva
959 675 1128 714 AMLN
1150 674 1337 728 parabola
1354 673 1453 724 ejus-

226 734 319 775 dem
346 735 488 789 speciei
517 748 608 774 cum
638 732 826 786 parabola
849 733 1020 775 BDEC;
1049 730 1219 784 cumque
1240 731 1343 780 AC,
1366 730 1452 770 ΟΝ

227 791 300 831 sint
321 793 485 845 aequales
503 823 513 840 ‚
538 791 613 829 erit
635 788 801 843 spatium
823 789 948 828 AON
983 787 1032 827 ad
1057 787 1224 841 spatium
1245 788 1379 836 ABC,
1411 799 1454 825 ut

225 848 309 888 axis
331 850 411 887 AO
426 847 476 886 ad
488 861 601 886 axem
615 848 695 886 AB.
729 844 938 885 Ostensum
951 857 1084 884 autern
1096 844 1149 883 est
1164 843 1330 897 spatium
1345 843 1454 882 ΑΒΕ

221 906 377 958 :equale
400 902 475 943 esse
498 903 621 957 spatio
644 903 788 946 ACN;
811 916 933 956 quare
956 901 1123 955 spatium
1146 901 1272 940 AON
1299 899 1348 938 ad
1369 900 1451 952 spa-

224 961 329 1000 tium
355 962 476 1000 ACN
501 960 554 1000 est
574 973 617 999 ut
644 962 723 999 AO
747 958 796 998 ad
820 960 888 998 AB
912 977 920 998 :
943 965 982 999 &
1011 955 1292 1011 componendo
1323 957 1454 1010 paral-

228 1019 536 1071 lelogrammum
561 1017 741 1056 ACNO
763 1014 813 1054 ad
835 1014 1000 1069 spatium
1028 1014 1181 1063 ACN‚
1205 1013 1280 1053 five
1294 1012 1345 1052 ad
1369 1014 1454 1066 spa-

231 1074 334 1113 tium
357 1075 464 1113 ΑΒΕ
478 1106 490 1123 ,
514 1073 549 1112 se
569 1072 688 1112 habet
703 1085 747 1111 ut
764 1073 867 1112 reeta
881 1073 954 1111 OB
975 1070 1025 1109 ad
1037 1071 1182 1110 seuam
1196 1071 1280 1109 BA.
1317 1070 1394 1110 Sed
1412 1082 1455 1109 ut

228 1131 648 1186 parallelogrammum
669 1132 745 1169 AY
772 1128 820 1168 ad
843 1129 1254 1183 parallelogrammum
1274 1127 1354 1165 AN
1372 1158 1382 1176 ‚
1401 1126 1457 1165 ita

229 1189 340 1227 roera
355 1189 424 1227 AB
438 1186 486 1226 ad
499 1188 643 1226 reaam
660 1188 737 1226 AO
751 1205 762 1229 ς
779 1200 874 1239 ergo
888 1218 898 1235 ,
912 1198 960 1223 ex
980 1199 1092 1238 aequo
1108 1217 1119 1233 ,
1137 1183 1178 1222 in
1197 1183 1352 1222 ratione
1374 1197 1458 1237 per-

232 1244 388 1283 turbata
402 1276 412 1293 ,
426 1244 501 1283 erit
514 1244 927 1297 parallelogrammum
943 1244 1020 1281 AY
1033 1241 1082 1280 ad
1094 1241 1375 1295 spatiumABC
1391 1272 1400 1285 ,
1413 1252 1458 1279 ut

231 1302 340 1340 recta
354 1302 426 1340 OB
445 1300 493 1339 ad
506 1302 651 1340 teclam
668 1302 760 1339 AO.
788 1301 903 1338 Datae
916 1312 1047 1338 autem
1060 1299 1146 1336 sunt
1158 1299 1269 1337 restae
1281 1296 1355 1336 illae
1369 1298 1458 1346 OB,

232 1359 316 1397 AO
329 1390 340 1407 ‚
362 1356 454 1410 quia
470 1359 550 1396 AO
571 1357 641 1410 ipsl
662 1357 739 1395 AK
756 1354 859 1394 darae
881 1355 1039 1409 aequalis
1051 1355 1125 1403 est,
1139 1369 1187 1393 ex
1198 1353 1459 1393 constru&io-

230 1429 283 1455 ne
298 1432 306 1453 :
323 1428 417 1467 ergo
433 1413 525 1452 data
543 1413 596 1452 est
612 1413 714 1452 ratio
732 1411 1095 1466 parallelogrammi
1120 1413 1196 1450 AY
1220 1409 1270 1449 ad
1293 1409 1460 1463 spatium

236 1470 439 1510 trilineum
455 1470 724 1524 parabolicum
739 1470 848 1508 ΑΒΕ
859 1502 869 1517 ,
881 1482 925 1506 ut
938 1467 1180 1521 propositum
1200 1467 1253 1505 est
1265 1487 1274 1510 ς
1288 1474 1326 1507 δε
1342 1467 1395 1504 est
1406 1480 1461 1506 ta*

232 1527 283 1566 lis
298 1527 398 1565 ratio
416 1540 458 1565 ut
477 1528 581 1566 rei-sta
594 1525 809 1578 composita
829 1539 875 1562 ex
896 1525 970 1562 Al<
985 1531 1025 1565 δε
1041 1526 1108 1562 ΑΒ
1121 1555 1131 1572 ‚
1146 1522 1195 1562 ad
1208 1524 1354 1561 restam
1367 1524 1458 1562 AK.

297 1583 425 1623 Simili
459 1582 673 1622 ratiocinio
697 1615 707 1631 ‚
745 1581 788 1620 in
820 1579 952 1619 solidis
985 1579 1154 1634 ipsarum
1183 1578 1459 1633 parabolarum

238 1641 344 1680 circa
358 1654 471 1679 axem
483 1641 552 1679 AB
563 1637 839 1678 conversarum
856 1670 866 1687 ‚
885 1635 1164 1676 concludemus
1184 1635 1458 1675 universaliter

239 1698 289 1737 fic
310 1694 386 1736 effe
401 1695 623 1751 cylindrum
645 1697 722 1734 AY
746 1692 794 1732 ad
820 1693 987 1732 solidum
1009 1694 1199 1742 ABC‚ut
1219 1693 1323 1731 reeta
1345 1707 1457 1731 corn-

238 1755 362 1810 poiita
383 1768 427 1791 ex
453 1754 529 1792 AK
551 1760 591 1793 δε
611 1751 727 1806 dupla
741 1750 854 1804 ipsius
870 1752 938 1790 ΑΒ
955 1783 964 1800 ,
978 1749 1028 1789 ad
1045 1749 1164 1804 ipsam
1183 1748 1349 1788 eandem
1364 1751 1455 1790 AK.

294 1809 515 1867 Qlomodo
537 1823 632 1863 ergo
652 1808 693 1848 in
717 1806 907 1859 ejusmodi
932 1805 1199 1861 quadrarrices
1221 1804 1432 1845 inciderim
1447 1840 1458 1857 ‚

238 1868 318 1919 jam
337 1881 444 1907 tenes
470 1885 478 1906 :
503 1866 621 1920 quam
638 1864 734 1904 vero
758 1862 929 1919 ingenue
947 1862 994 1902 ad
1013 1879 1081 1904 vos
1096 1863 1268 1902 miserim
1283 1896 1293 1912 ,
1307 1862 1375 1917 ipfi
1387 1863 1461 1902 sci-

242 1924 291 1963 tis
315 1942 323 1963 :
352 1924 478 1963 sciunt
504 1932 544 1965 ὃς
573 1921 799 1963 Academiae
829 1921 965 1960 nostra:
996 1935 1202 1974 proceres,
1229 1920 1298 1973 qui
1324 1935 1461 1959 omnes

242 1980 447 2034 epistolam
469 1980 664 2029 nostram,
683 1991 895 2033 antequam
916 1976 965 2017 ad
985 1992 1053 2017 vos
1074 1977 1296 2016 mitteretur
1310 2009 1319 2025 ‚
1334 1978 1460 2030 perle-

244 2049 387 2091 gerunt
400 2056 408 2080 3
435 2035 560 2075 sciunt
580 2044 619 2077 &
640 2036 755 2075 multi
769 2036 837 2075 alii
849 2049 939 2074 cum
952 2034 1091 2088 quibus
1105 2033 1271 2073 eandem
1289 2047 1364 2086 ego
1378 2067 1388 2083 ,
1402 2035 1464 2073 vel

243 2093 364 2134 amici
387 2092 791 2139 communicavimus5
813 2093 938 2133 sciunt
961 2124 972 2143 ‚
999 2091 1187 2147 inquam„
1212 2089 1272 2128 illi
1302 2104 1437 2130 omnes
1451 2123 1465 2140 ‚

1162 2147 1203 2187 N
1215 2161 1278 2186 nn
1300 2146 1325 2198 ij
