<?xml version="1.0" encoding="UTF-8"?>
<!DOCTYPE html PUBLIC "-//W3C//DTD XHTML 1.0 Transitional//EN"
    "http://www.w3.org/TR/xhtml1/DTD/xhtml1-transitional.dtd">
<html xmlns="http://www.w3.org/1999/xhtml" xml:lang="en" lang="en">
 <head>
  <title>
</title>
<meta http-equiv="Content-Type" content="text/html;charset=utf-8" />
  <meta name='ocr-system' content='tesseract 3.04.00' />
  <meta name='ocr-capabilities' content='ocr_page ocr_carea ocr_par ocr_line ocrx_word'/>
</head>
<body>
  <div class='ocr_page' id='page_1' title='image "./diversouvrages00robe_0458.png"; bbox 0 0 1915 2663; ppageno 0'>
   <div class='ocr_carea' id='block_1_1' title="bbox 490 203 1725 2176">
    <p class='ocr_par' dir='ltr' id='par_1_1' title="bbox 490 203 1725 2176">
     <span class='ocr_line' id='line_1_1' title="bbox 1060 203 1140 241; baseline 0 -1"><span class='ocrx_word' id='word_1_1' title='bbox 1060 203 1140 241; x_wconf 62' lang='lat'><strong>454</strong></span> 
     </span>
     <span class='ocr_line' id='line_1_2' title="bbox 498 251 1720 304; baseline -0.002 -10"><span class='ocrx_word' id='word_1_2' title='bbox 498 253 605 294; x_wconf 67' lang='lat' dir='ltr'><strong>rente</strong></span> <span class='ocrx_word' id='word_1_3' title='bbox 636 251 915 301; x_wconf 72' lang='lat' dir='ltr'>consideratis,</span> <span class='ocrx_word' id='word_1_4' title='bbox 939 265 1034 304; x_wconf 63' lang='lat' dir='ltr'><strong>pace</strong></span> <span class='ocrx_word' id='word_1_5' title='bbox 1060 254 1126 290; x_wconf 64' lang='lat' dir='ltr'><strong>tufi„</strong></span> <span class='ocrx_word' id='word_1_6' title='bbox 1145 251 1340 302; x_wconf 77' lang='lat' dir='ltr'>dixerim,</span> <span class='ocrx_word' id='word_1_7' title='bbox 1365 253 1439 293; x_wconf 88' lang='lat' dir='ltr'><strong>Vir</strong></span> <span class='ocrx_word' id='word_1_8' title='bbox 1467 251 1686 292; x_wconf 72' lang='lat' dir='ltr'><strong>Clariffime</strong></span> <span class='ocrx_word' id='word_1_9' title='bbox 1703 261 1720 304; x_wconf 79' lang='lat'><strong>‚&#39;</strong></span> 
     </span>
     <span class='ocr_line' id='line_1_3' title="bbox 496 309 1717 363; baseline 0.001 -14"><span class='ocrx_word' id='word_1_10' title='bbox 496 309 629 350; x_wconf 79' lang='lat' dir='ltr'><strong>censui</strong></span> <span class='ocrx_word' id='word_1_11' title='bbox 652 309 887 363; x_wconf 71' lang='lat' dir='ltr'><strong>praecipuam</strong></span> <span class='ocrx_word' id='word_1_12' title='bbox 912 309 1022 346; x_wconf 80' lang='lat' dir='ltr'><strong>malae</strong></span> <span class='ocrx_word' id='word_1_13' title='bbox 1055 309 1373 362; x_wconf 86' lang='lat' dir='ltr'><strong>intepretationis</strong></span> <span class='ocrx_word' id='word_1_14' title='bbox 1400 311 1554 363; x_wconf 45' lang='lat' dir='ltr'><strong>cuipam</strong></span> <span class='ocrx_word' id='word_1_15' title='bbox 1584 310 1625 348; x_wconf 81' lang='lat' dir='ltr'><strong>in</strong></span> <span class='ocrx_word' id='word_1_16' title='bbox 1646 325 1717 350; x_wconf 82' lang='lat' dir='ltr'><strong>vos</strong></span> 
     </span>
     <span class='ocr_line' id='line_1_4' title="bbox 496 364 1720 420; baseline -0.001 -14"><span class='ocrx_word' id='word_1_17' title='bbox 496 364 674 406; x_wconf 73' lang='lat' dir='ltr'><strong>recidere</strong></span> <span class='ocrx_word' id='word_1_18' title='bbox 695 384 703 405; x_wconf 89' lang='grc'>;</span> <span class='ocrx_word' id='word_1_19' title='bbox 736 380 866 419; x_wconf 86' lang='lat' dir='ltr'><strong>neque</strong></span> <span class='ocrx_word' id='word_1_20' title='bbox 893 364 998 404; x_wconf 79' lang='lat' dir='ltr'><strong>enim</strong></span> <span class='ocrx_word' id='word_1_21' title='bbox 1021 365 1141 404; x_wconf 82' lang='lat' dir='ltr'><strong>verba</strong></span> <span class='ocrx_word' id='word_1_22' title='bbox 1164 365 1289 415; x_wconf 85' lang='lat' dir='ltr'><strong>illius,</strong></span> <span class='ocrx_word' id='word_1_23' title='bbox 1313 381 1397 419; x_wconf 82' lang='lat' dir='ltr'><strong>quae</strong></span> <span class='ocrx_word' id='word_1_24' title='bbox 1425 366 1505 420; x_wconf 86' lang='lat' dir='ltr'><strong>ipse</strong></span> <span class='ocrx_word' id='word_1_25' title='bbox 1533 365 1720 418; x_wconf 82' lang='lat' dir='ltr'><strong>adducis,</strong></span> 
     </span>
     <span class='ocr_line' id='line_1_5' title="bbox 497 419 1719 475; baseline 0.001 -13"><span class='ocrx_word' id='word_1_26' title='bbox 497 423 518 462; x_wconf 65' lang='lat' dir='ltr'><strong>a</strong></span> <span class='ocrx_word' id='word_1_27' title='bbox 537 423 669 462; x_wconf 89' lang='lat' dir='ltr'><strong>nostro</strong></span> <span class='ocrx_word' id='word_1_28' title='bbox 703 421 812 461; x_wconf 88' lang='lat' dir='ltr'><strong>sensu</strong></span> <span class='ocrx_word' id='word_1_29' title='bbox 830 421 929 462; x_wconf 85' lang='lat' dir='ltr'><strong>adeo</strong></span> <span class='ocrx_word' id='word_1_30' title='bbox 954 421 1082 461; x_wconf 82' lang='lat' dir='ltr'><strong>aliena</strong></span> <span class='ocrx_word' id='word_1_31' title='bbox 1108 419 1291 471; x_wconf 85' lang='lat' dir='ltr'><strong>fuerunt,</strong></span> <span class='ocrx_word' id='word_1_32' title='bbox 1314 423 1409 475; x_wconf 87' lang='lat' dir='ltr'><strong>quin</strong></span> <span class='ocrx_word' id='word_1_33' title='bbox 1432 423 1480 462; x_wconf 86' lang='lat' dir='ltr'><strong>ab</strong></span> <span class='ocrx_word' id='word_1_34' title='bbox 1505 423 1551 462; x_wconf 82' lang='lat' dir='ltr'><strong>iis</strong></span> <span class='ocrx_word' id='word_1_35' title='bbox 1579 437 1719 464; x_wconf 84' lang='lat' dir='ltr'><strong>verum</strong></span> 
     </span>
     <span class='ocr_line' id='line_1_6' title="bbox 494 475 1716 534; baseline 0.001 -16"><span class='ocrx_word' id='word_1_36' title='bbox 494 479 605 519; x_wconf 73' lang='lat' dir='ltr'><strong>illum</strong></span> <span class='ocrx_word' id='word_1_37' title='bbox 627 479 803 519; x_wconf 84' lang='lat' dir='ltr'><strong>nostrum</strong></span> <span class='ocrx_word' id='word_1_38' title='bbox 822 479 972 519; x_wconf 87' lang='lat' dir='ltr'><strong>sensum</strong></span> <span class='ocrx_word' id='word_1_39' title='bbox 992 475 1111 517; x_wconf 74' lang='lat' dir='ltr'><strong>facile</strong></span> <span class='ocrx_word' id='word_1_40' title='bbox 1135 477 1382 532; x_wconf 76' lang='lat' dir='ltr'><strong>perspexisses</strong></span> <span class='ocrx_word' id='word_1_41' title='bbox 1397 511 1408 529; x_wconf 82' lang='lat'>,</span> <span class='ocrx_word' id='word_1_42' title='bbox 1429 480 1454 518; x_wconf 88' lang='lat' dir='ltr'><strong>fi</strong></span> <span class='ocrx_word' id='word_1_43' title='bbox 1481 479 1581 534; x_wconf 81' lang='lat' dir='ltr'><strong>aequi</strong></span> <span class='ocrx_word' id='word_1_44' title='bbox 1596 480 1716 520; x_wconf 53' lang='lat' dir='ltr'><strong>intera</strong></span> 
     </span>
     <span class='ocr_line' id='line_1_7' title="bbox 493 534 1718 591; baseline 0.002 -15"><span class='ocrx_word' id='word_1_45' title='bbox 493 537 615 590; x_wconf 78' lang='lat' dir='ltr'><strong>pretis</strong></span> <span class='ocrx_word' id='word_1_46' title='bbox 644 536 851 591; x_wconf 82' lang='lat' dir='ltr'><strong>personam</strong></span> <span class='ocrx_word' id='word_1_47' title='bbox 880 535 953 576; x_wconf 84' lang='lat' dir='ltr'><strong>tibi</strong></span> <span class='ocrx_word' id='word_1_48' title='bbox 971 534 1167 575; x_wconf 69' lang='lat' dir='ltr'><strong>&#39;assumere</strong></span> <span class='ocrx_word' id='word_1_49' title='bbox 1193 534 1389 575; x_wconf 83' lang='lat' dir='ltr'><strong>voluisses.</strong></span> <span class='ocrx_word' id='word_1_50' title='bbox 1434 536 1643 590; x_wconf 86' lang='lat' dir='ltr'><strong>Scripseras</strong></span> <span class='ocrx_word' id='word_1_51' title='bbox 1667 537 1718 578; x_wconf 81' lang='lat' dir='ltr'><strong>ad</strong></span> 
     </span>
     <span class='ocr_line' id='line_1_8' title="bbox 494 591 1717 648; baseline 0 -16"><span class='ocrx_word' id='word_1_52' title='bbox 494 593 623 648; x_wconf 86' lang='lat' dir='ltr'><strong>ipsum</strong></span> <span class='ocrx_word' id='word_1_53' title='bbox 642 607 681 633; x_wconf 91' lang='lat' dir='ltr'><strong>te</strong></span> <span class='ocrx_word' id='word_1_54' title='bbox 699 606 910 648; x_wconf 88' lang='lat' dir='ltr'><strong>utrumque</strong></span> <span class='ocrx_word' id='word_1_55' title='bbox 934 592 1155 632; x_wconf 84' lang='lat' dir='ltr'><strong>trochoidis</strong></span> <span class='ocrx_word' id='word_1_56' title='bbox 1170 591 1337 632; x_wconf 70' lang='lat' dir='ltr'><strong>solidum</strong></span> <span class='ocrx_word' id='word_1_57' title='bbox 1350 591 1544 632; x_wconf 87' lang='lat' dir='ltr'><strong>beneficio</strong></span> <span class='ocrx_word' id='word_1_58' title='bbox 1556 606 1717 632; x_wconf 84' lang='lat' dir='ltr'><strong>centro-</strong></span> 
     </span>
     <span class='ocr_line' id='line_1_9' title="bbox 495 648 1719 705; baseline 0 -16"><span class='ocrx_word' id='word_1_59' title='bbox 495 664 584 690; x_wconf 85' lang='lat' dir='ltr'><strong>rum</strong></span> <span class='ocrx_word' id='word_1_60' title='bbox 606 649 711 705; x_wconf 73' lang='lat' dir='ltr'><strong>prius</strong></span> <span class='ocrx_word' id='word_1_61' title='bbox 732 651 988 692; x_wconf 81' lang='lat' dir='ltr'><strong>inventorum</strong></span> <span class='ocrx_word' id='word_1_62' title='bbox 1011 648 1196 690; x_wconf 82' lang='lat' dir='ltr'><strong>detexisse</strong></span> <span class='ocrx_word' id='word_1_63' title='bbox 1224 668 1231 689; x_wconf 93' lang='lat'>:</span> <span class='ocrx_word' id='word_1_64' title='bbox 1252 664 1295 688; x_wconf 90' lang='lat' dir='ltr'><strong>ac</strong></span> <span class='ocrx_word' id='word_1_65' title='bbox 1320 648 1419 689; x_wconf 85' lang='lat' dir='ltr'><strong>illud</strong></span> <span class='ocrx_word' id='word_1_66' title='bbox 1432 649 1593 703; x_wconf 86' lang='lat' dir='ltr'><strong>quidem</strong></span> <span class='ocrx_word' id='word_1_67' title='bbox 1610 649 1719 703; x_wconf 90' lang='lat' dir='ltr'><strong>quod</strong></span> 
     </span>
     <span class='ocr_line' id='line_1_10' title="bbox 496 705 1718 759; baseline 0.001 -14"><span class='ocrx_word' id='word_1_68' title='bbox 496 706 604 747; x_wconf 81' lang='lat' dir='ltr'><strong>circa</strong></span> <span class='ocrx_word' id='word_1_69' title='bbox 625 707 765 757; x_wconf 85' lang='lat' dir='ltr'><strong>bafim,</strong></span> <span class='ocrx_word' id='word_1_70' title='bbox 789 721 832 747; x_wconf 89' lang='lat' dir='ltr'><strong>ut</strong></span> <span class='ocrx_word' id='word_1_71' title='bbox 845 708 881 746; x_wconf 82' lang='lat' dir='ltr'><strong>sc</strong></span> <span class='ocrx_word' id='word_1_72' title='bbox 900 707 1018 747; x_wconf 83' lang='lat' dir='ltr'><strong>habet</strong></span> <span class='ocrx_word' id='word_1_73' title='bbox 1038 706 1194 756; x_wconf 70' lang='lat' dir='ltr'><strong>revera,</strong></span> <span class='ocrx_word' id='word_1_74' title='bbox 1209 706 1483 746; x_wconf 85' lang='lat' dir='ltr'><strong>enuntiaveras</strong></span> <span class='ocrx_word' id='word_1_75' title='bbox 1507 719 1549 745; x_wconf 90' lang='lat' dir='ltr'><strong>ut</strong></span> <span class='ocrx_word' id='word_1_76' title='bbox 1572 723 1588 759; x_wconf 90' lang='lat'><em>5</em></span> <span class='ocrx_word' id='word_1_77' title='bbox 1607 705 1656 745; x_wconf 87' lang='lat' dir='ltr'><strong>ad</strong></span> <span class='ocrx_word' id='word_1_78' title='bbox 1673 711 1718 751; x_wconf 76' lang='lat'><strong>8;</strong></span> 
     </span>
     <span class='ocr_line' id='line_1_11' title="bbox 497 762 1723 817; baseline 0 -16"><span class='ocrx_word' id='word_1_79' title='bbox 497 764 607 817; x_wconf 85' lang='lat' dir='ltr'><strong>quod</strong></span> <span class='ocrx_word' id='word_1_80' title='bbox 627 765 693 804; x_wconf 87' lang='lat' dir='ltr'><strong>ille</strong></span> <span class='ocrx_word' id='word_1_81' title='bbox 720 763 810 803; x_wconf 67' lang='lat' dir='ltr'><strong>curn</strong></span> <span class='ocrx_word' id='word_1_82' title='bbox 832 779 970 804; x_wconf 81' lang='lat' dir='ltr'><strong>verum</strong></span> <span class='ocrx_word' id='word_1_83' title='bbox 992 763 1106 802; x_wconf 86' lang='lat' dir='ltr'><strong>sciret</strong></span> <span class='ocrx_word' id='word_1_84' title='bbox 1132 769 1143 813; x_wconf 92' lang='lat'>(</span> <span class='ocrx_word' id='word_1_85' title='bbox 1166 764 1245 814; x_wconf 84' lang='lat' dir='ltr'><strong>jam</strong></span> <span class='ocrx_word' id='word_1_86' title='bbox 1268 762 1417 802; x_wconf 89' lang='lat' dir='ltr'><strong>dudum</strong></span> <span class='ocrx_word' id='word_1_87' title='bbox 1439 763 1544 803; x_wconf 86' lang='lat' dir='ltr'><strong>enim</strong></span> <span class='ocrx_word' id='word_1_88' title='bbox 1568 777 1643 817; x_wconf 85' lang='lat' dir='ltr'><strong>ego</strong></span> <span class='ocrx_word' id='word_1_89' title='bbox 1662 762 1723 802; x_wconf 86' lang='lat' dir='ltr'><strong>illi</strong></span> 
     </span>
     <span class='ocr_line' id='line_1_12' title="bbox 498 819 1723 874; baseline 0.002 -16"><span class='ocrx_word' id='word_1_90' title='bbox 498 821 578 859; x_wconf 85' lang='lat' dir='ltr'><strong>tale</strong></span> <span class='ocrx_word' id='word_1_91' title='bbox 603 821 902 870; x_wconf 77' lang='lat' dir='ltr'><strong>indicaveram)</strong></span> <span class='ocrx_word' id='word_1_92' title='bbox 932 835 1013 860; x_wconf 87' lang='lat' dir='ltr'><strong>non</strong></span> <span class='ocrx_word' id='word_1_93' title='bbox 1042 819 1143 874; x_wconf 70' lang='lat' dir='ltr'><strong>aegre</strong></span> <span class='ocrx_word' id='word_1_94' title='bbox 1176 819 1371 874; x_wconf 81' lang='lat' dir='ltr'><strong>persuasus</strong></span> <span class='ocrx_word' id='word_1_95' title='bbox 1394 820 1471 866; x_wconf 85' lang='lat' dir='ltr'><strong>est,</strong></span> <span class='ocrx_word' id='word_1_96' title='bbox 1491 827 1530 862; x_wconf 75' lang='lat'><strong>&amp;1</strong></span> <span class='ocrx_word' id='word_1_97' title='bbox 1556 821 1723 860; x_wconf 85' lang='lat' dir='ltr'><strong>alterum</strong></span> 
     </span>
     <span class='ocr_line' id='line_1_13' title="bbox 496 874 1725 930; baseline 0.001 -14"><span class='ocrx_word' id='word_1_98' title='bbox 496 890 659 930; x_wconf 87' lang='lat' dir='ltr'><strong>quoque</strong></span> <span class='ocrx_word' id='word_1_99' title='bbox 680 877 787 916; x_wconf 86' lang='lat' dir='ltr'><strong>circa</strong></span> <span class='ocrx_word' id='word_1_100' title='bbox 813 893 926 916; x_wconf 84' lang='lat' dir='ltr'><strong>axem</strong></span> <span class='ocrx_word' id='word_1_101' title='bbox 952 878 1031 915; x_wconf 89' lang='lat' dir='ltr'><strong>tale</strong></span> <span class='ocrx_word' id='word_1_102' title='bbox 1053 876 1128 915; x_wconf 82' lang='lat' dir='ltr'><strong>effe</strong></span> <span class='ocrx_word' id='word_1_103' title='bbox 1147 877 1260 929; x_wconf 82' lang='lat' dir='ltr'><strong>quale</strong></span> <span class='ocrx_word' id='word_1_104' title='bbox 1282 875 1500 915; x_wconf 86' lang='lat' dir='ltr'><strong>affirmabas</strong></span> <span class='ocrx_word' id='word_1_105' title='bbox 1527 888 1571 914; x_wconf 88' lang='lat' dir='ltr'><strong>ut</strong></span> <span class='ocrx_word' id='word_1_106' title='bbox 1602 892 1643 916; x_wconf 92' lang='lat'><strong>11</strong></span> <span class='ocrx_word' id='word_1_107' title='bbox 1672 874 1725 917; x_wconf 88' lang='lat' dir='ltr'><strong>ad</strong></span> 
     </span>
     <span class='ocr_line' id='line_1_14' title="bbox 504 931 1722 986; baseline -0.001 -14"><span class='ocrx_word' id='word_1_108' title='bbox 504 936 565 973; x_wconf 84' lang='lat'><strong>18.</strong></span> <span class='ocrx_word' id='word_1_109' title='bbox 601 934 728 972; x_wconf 71' lang='lat' dir='ltr'><strong>Laetus</strong></span> <span class='ocrx_word' id='word_1_110' title='bbox 750 933 885 986; x_wconf 88' lang='lat' dir='ltr'><strong>itaque</strong></span> <span class='ocrx_word' id='word_1_111' title='bbox 912 932 1040 973; x_wconf 85' lang='lat' dir='ltr'><strong>statim</strong></span> <span class='ocrx_word' id='word_1_112' title='bbox 1063 932 1130 971; x_wconf 89' lang='lat' dir='ltr'><strong>ille</strong></span> <span class='ocrx_word' id='word_1_113' title='bbox 1156 932 1255 971; x_wconf 87' lang='lat' dir='ltr'><strong>mihi</strong></span> <span class='ocrx_word' id='word_1_114' title='bbox 1273 947 1340 986; x_wconf 87' lang='lat' dir='ltr'><strong>per</strong></span> <span class='ocrx_word' id='word_1_115' title='bbox 1360 933 1508 971; x_wconf 79' lang='lat' dir='ltr'><strong>litteras</strong></span> <span class='ocrx_word' id='word_1_116' title='bbox 1531 931 1722 986; x_wconf 83' lang='lat' dir='ltr'><strong>fignifica-</strong></span> 
     </span>
     <span class='ocr_line' id='line_1_15' title="bbox 498 987 1722 1043; baseline -0.001 -15"><span class='ocrx_word' id='word_1_117' title='bbox 498 988 558 1028; x_wconf 87' lang='lat' dir='ltr'><strong>vit</strong></span> <span class='ocrx_word' id='word_1_118' title='bbox 583 988 729 1028; x_wconf 84' lang='lat' dir='ltr'><strong>habere</strong></span> <span class='ocrx_word' id='word_1_119' title='bbox 758 988 794 1028; x_wconf 90' lang='lat' dir='ltr'><strong>se</strong></span> <span class='ocrx_word' id='word_1_120' title='bbox 816 989 923 1043; x_wconf 87' lang='lat' dir='ltr'><strong>quod</strong></span> <span class='ocrx_word' id='word_1_121' title='bbox 949 1003 1105 1029; x_wconf 88' lang='lat' dir='ltr'><strong>mecum</strong></span> <span class='ocrx_word' id='word_1_122' title='bbox 1124 989 1420 1028; x_wconf 88' lang='lat' dir='ltr'><strong>communicare</strong></span> <span class='ocrx_word' id='word_1_123' title='bbox 1442 989 1572 1028; x_wconf 84' lang='lat' dir='ltr'><strong>vellet.</strong></span> <span class='ocrx_word' id='word_1_124' title='bbox 1615 987 1722 1028; x_wconf 84' lang='lat' dir='ltr'><strong>Adi-</strong></span> 
     </span>
     <span class='ocr_line' id='line_1_16' title="bbox 498 1044 1725 1100; baseline -0.001 -16"><span class='ocrx_word' id='word_1_125' title='bbox 498 1044 562 1089; x_wconf 53' lang='grc' dir='ltr'><strong>νὴ</strong></span> <span class='ocrx_word' id='word_1_126' title='bbox 587 1046 790 1099; x_wconf 89' lang='lat' dir='ltr'><strong>epistolam</strong></span> <span class='ocrx_word' id='word_1_127' title='bbox 821 1058 930 1086; x_wconf 88' lang='lat' dir='ltr'><strong>tuam</strong></span> <span class='ocrx_word' id='word_1_128' title='bbox 959 1045 1062 1100; x_wconf 58' lang='lat' dir='ltr'><strong>Regi,</strong></span> <span class='ocrx_word' id='word_1_129' title='bbox 1085 1060 1129 1085; x_wconf 89' lang='lat' dir='ltr'><strong>ac</strong></span> <span class='ocrx_word' id='word_1_130' title='bbox 1152 1045 1257 1084; x_wconf 89' lang='lat' dir='ltr'><strong>circa</strong></span> <span class='ocrx_word' id='word_1_131' title='bbox 1280 1044 1377 1084; x_wconf 89' lang='lat' dir='ltr'><strong>illud</strong></span> <span class='ocrx_word' id='word_1_132' title='bbox 1401 1044 1638 1099; x_wconf 88' lang='lat' dir='ltr'><strong>postremum</strong></span> <span class='ocrx_word' id='word_1_133' title='bbox 1660 1044 1725 1083; x_wconf 80' lang='lat' dir='ltr'><strong>so·-</strong></span> 
     </span>
     <span class='ocr_line' id='line_1_17' title="bbox 497 1100 1724 1157; baseline 0 -17"><span class='ocrx_word' id='word_1_134' title='bbox 497 1100 627 1141; x_wconf 84' lang='lat' dir='ltr'><strong>lidum</strong></span> <span class='ocrx_word' id='word_1_135' title='bbox 656 1100 812 1141; x_wconf 64' lang='lat' dir='ltr'><strong>tantum</strong></span> <span class='ocrx_word' id='word_1_136' title='bbox 838 1101 946 1157; x_wconf 90' lang='lat' dir='ltr'><strong>quod</strong></span> <span class='ocrx_word' id='word_1_137' title='bbox 969 1103 1075 1142; x_wconf 89' lang='lat' dir='ltr'><strong>circa</strong></span> <span class='ocrx_word' id='word_1_138' title='bbox 1095 1116 1232 1151; x_wconf 86' lang='lat' dir='ltr'><strong>axem,</strong></span> <span class='ocrx_word' id='word_1_139' title='bbox 1247 1101 1479 1140; x_wconf 85' lang='lat' dir='ltr'><strong>immoratus</strong></span> <span class='ocrx_word' id='word_1_140' title='bbox 1493 1101 1724 1155; x_wconf 81' lang='lat' dir='ltr'><strong>sum3quip-</strong></span> 
     </span>
     <span class='ocr_line' id='line_1_18' title="bbox 495 1156 1724 1212; baseline 0 -16"><span class='ocrx_word' id='word_1_141' title='bbox 495 1157 658 1212; x_wconf 84' lang='lat' dir='ltr'><strong>pequod</strong></span> <span class='ocrx_word' id='word_1_142' title='bbox 680 1158 858 1198; x_wconf 87' lang='lat' dir='ltr'><strong>nondum</strong></span> <span class='ocrx_word' id='word_1_143' title='bbox 884 1159 1079 1203; x_wconf 83' lang='lat' dir='ltr'><strong>habebam</strong></span> <span class='ocrx_word' id='word_1_144' title='bbox 1092 1192 1102 1209; x_wconf 86' lang='lat'><strong>,</strong></span> <span class='ocrx_word' id='word_1_145' title='bbox 1122 1157 1193 1197; x_wconf 86' lang='lat' dir='ltr'><strong>nifi</strong></span> <span class='ocrx_word' id='word_1_146' title='bbox 1211 1158 1253 1197; x_wconf 89' lang='lat' dir='ltr'><strong>in</strong></span> <span class='ocrx_word' id='word_1_147' title='bbox 1276 1157 1455 1197; x_wconf 86' lang='lat' dir='ltr'><strong>terminis</strong></span> <span class='ocrx_word' id='word_1_148' title='bbox 1473 1172 1570 1197; x_wconf 88' lang='lat' dir='ltr'><strong>vero</strong></span> <span class='ocrx_word' id='word_1_149' title='bbox 1587 1156 1724 1197; x_wconf 84' lang='lat' dir='ltr'><strong>admo-</strong></span> 
     </span>
     <span class='ocr_line' id='line_1_19' title="bbox 497 1213 1722 1269; baseline 0 -16"><span class='ocrx_word' id='word_1_150' title='bbox 497 1213 594 1254; x_wconf 72' lang='lat' dir='ltr'><strong>dum</strong></span> <span class='ocrx_word' id='word_1_151' title='bbox 621 1214 836 1268; x_wconf 79' lang='lat' dir='ltr'><strong>proximis,</strong></span> <span class='ocrx_word' id='word_1_152' title='bbox 861 1229 971 1257; x_wconf 83' lang='lat' dir='ltr'><strong>extra</strong></span> <span class='ocrx_word' id='word_1_153' title='bbox 995 1231 1092 1269; x_wconf 86' lang='lat' dir='ltr'><strong>quos</strong></span> <span class='ocrx_word' id='word_1_154' title='bbox 1114 1214 1346 1254; x_wconf 83' lang='lat' dir='ltr'><strong>excurrebat</strong></span> <span class='ocrx_word' id='word_1_155' title='bbox 1367 1213 1469 1253; x_wconf 88' lang='lat' dir='ltr'><strong>ratio</strong></span> <span class='ocrx_word' id='word_1_156' title='bbox 1489 1213 1592 1253; x_wconf 67' lang='lat' dir='ltr'><strong>illaa</strong></span> <span class='ocrx_word' id='word_1_157' title='bbox 1607 1213 1722 1254; x_wconf 80' lang='lat' dir='ltr'><strong>vobis</strong></span> 
     </span>
     <span class='ocr_line' id='line_1_20' title="bbox 497 1269 1721 1326; baseline 0.001 -18"><span class='ocrx_word' id='word_1_158' title='bbox 497 1270 685 1324; x_wconf 78' lang='lat' dir='ltr'><strong>assignata</strong></span> <span class='ocrx_word' id='word_1_159' title='bbox 712 1287 725 1312; x_wconf 95' lang='lat'>1</span> <span class='ocrx_word' id='word_1_160' title='bbox 741 1287 754 1312; x_wconf 90' lang='lat'>1</span> <span class='ocrx_word' id='word_1_161' title='bbox 780 1271 830 1311; x_wconf 89' lang='lat' dir='ltr'><strong>ad</strong></span> <span class='ocrx_word' id='word_1_162' title='bbox 859 1279 918 1314; x_wconf 83' lang='lat'><strong>18.</strong></span> <span class='ocrx_word' id='word_1_163' title='bbox 952 1273 1063 1312; x_wconf 87' lang='lat' dir='ltr'><strong>Hinc</strong></span> <span class='ocrx_word' id='word_1_164' title='bbox 1089 1286 1184 1326; x_wconf 82' lang='lat' dir='ltr'><strong>crgo</strong></span> <span class='ocrx_word' id='word_1_165' title='bbox 1200 1304 1210 1320; x_wconf 87' lang='lat'>‚</span> <span class='ocrx_word' id='word_1_166' title='bbox 1234 1271 1328 1324; x_wconf 88' lang='lat' dir='ltr'><strong>quia</strong></span> <span class='ocrx_word' id='word_1_167' title='bbox 1348 1269 1397 1309; x_wconf 91' lang='lat' dir='ltr'><strong>de</strong></span> <span class='ocrx_word' id='word_1_168' title='bbox 1416 1270 1556 1310; x_wconf 90' lang='lat' dir='ltr'><strong>nostris</strong></span> <span class='ocrx_word' id='word_1_169' title='bbox 1582 1269 1721 1310; x_wconf 85' lang='lat' dir='ltr'><strong>termi-</strong></span> 
     </span>
     <span class='ocr_line' id='line_1_21' title="bbox 493 1325 1723 1383; baseline 0 -18"><span class='ocrx_word' id='word_1_170' title='bbox 493 1326 556 1366; x_wconf 85' lang='lat' dir='ltr'><strong>nis</strong></span> <span class='ocrx_word' id='word_1_171' title='bbox 587 1329 737 1367; x_wconf 79' lang='lat' dir='ltr'><strong>nulium</strong></span> <span class='ocrx_word' id='word_1_172' title='bbox 767 1329 880 1368; x_wconf 80' lang='lat' dir='ltr'><strong>nobis</strong></span> <span class='ocrx_word' id='word_1_173' title='bbox 907 1329 1104 1383; x_wconf 87' lang='lat' dir='ltr'><strong>supererat</strong></span> <span class='ocrx_word' id='word_1_174' title='bbox 1128 1327 1291 1367; x_wconf 87' lang='lat' dir='ltr'><strong>dubium</strong></span> <span class='ocrx_word' id='word_1_175' title='bbox 1308 1360 1318 1377; x_wconf 84' lang='lat'>‚</span> <span class='ocrx_word' id='word_1_176' title='bbox 1340 1327 1453 1366; x_wconf 70' lang='lat' dir='ltr'><strong>illico</strong></span> <span class='ocrx_word' id='word_1_177' title='bbox 1474 1325 1723 1366; x_wconf 79' lang='lat' dir='ltr'><strong>animadver-</strong></span> 
     </span>
     <span class='ocr_line' id='line_1_22' title="bbox 494 1382 1721 1432; baseline 0 -11"><span class='ocrx_word' id='word_1_178' title='bbox 494 1383 637 1432; x_wconf 83' lang='lat' dir='ltr'><strong>timus,</strong></span> <span class='ocrx_word' id='word_1_179' title='bbox 661 1384 858 1423; x_wconf 87' lang='lat' dir='ltr'><strong>rationem</strong></span> <span class='ocrx_word' id='word_1_180' title='bbox 882 1385 992 1424; x_wconf 87' lang='lat' dir='ltr'><strong>illam</strong></span> <span class='ocrx_word' id='word_1_181' title='bbox 1015 1385 1181 1424; x_wconf 87' lang='lat' dir='ltr'><strong>vestram</strong></span> <span class='ocrx_word' id='word_1_182' title='bbox 1212 1399 1225 1424; x_wconf 92' lang='lat'>1</span> <span class='ocrx_word' id='word_1_183' title='bbox 1241 1399 1254 1423; x_wconf 93' lang='lat'>1</span> <span class='ocrx_word' id='word_1_184' title='bbox 1282 1383 1331 1422; x_wconf 91' lang='lat' dir='ltr'><strong>ad</strong></span> <span class='ocrx_word' id='word_1_185' title='bbox 1359 1387 1403 1423; x_wconf 82' lang='lat'><strong>18</strong></span> <span class='ocrx_word' id='word_1_186' title='bbox 1428 1383 1520 1422; x_wconf 66' lang='lat' dir='ltr'><strong>vera</strong></span> <span class='ocrx_word' id='word_1_187' title='bbox 1547 1382 1624 1422; x_wconf 85' lang='lat' dir='ltr'><strong>effe-</strong></span> <span class='ocrx_word' id='word_1_188' title='bbox 1643 1382 1721 1422; x_wconf 72' lang='lat' dir='ltr'><strong>mi.-</strong></span> 
     </span>
     <span class='ocr_line' id='line_1_23' title="bbox 493 1438 1722 1494; baseline -0.001 -17"><span class='ocrx_word' id='word_1_189' title='bbox 493 1450 647 1478; x_wconf 86' lang='lat' dir='ltr'><strong>norem.</strong></span> <span class='ocrx_word' id='word_1_190' title='bbox 691 1438 797 1478; x_wconf 76' lang='lat' dir='ltr'><strong>Cum</strong></span> <span class='ocrx_word' id='word_1_191' title='bbox 831 1440 954 1494; x_wconf 80' lang='lat' dir='ltr'><strong>igitur</strong></span> <span class='ocrx_word' id='word_1_192' title='bbox 981 1441 1090 1494; x_wconf 90' lang='lat' dir='ltr'><strong>super</strong></span> <span class='ocrx_word' id='word_1_193' title='bbox 1120 1441 1192 1479; x_wconf 61' lang='lat' dir='ltr'><strong>hac</strong></span> <span class='ocrx_word' id='word_1_194' title='bbox 1215 1453 1256 1478; x_wconf 88' lang='lat' dir='ltr'><strong>re</strong></span> <span class='ocrx_word' id='word_1_195' title='bbox 1282 1438 1572 1493; x_wconf 85' lang='lat' dir='ltr'><strong>cogitabundus</strong></span> <span class='ocrx_word' id='word_1_196' title='bbox 1595 1440 1722 1478; x_wconf 83' lang='lat' dir='ltr'><strong>haere-</strong></span> 
     </span>
     <span class='ocr_line' id='line_1_24' title="bbox 493 1495 1724 1550; baseline 0.002 -18"><span class='ocrx_word' id='word_1_197' title='bbox 493 1509 601 1543; x_wconf 82' lang='lat' dir='ltr'><strong>rem,</strong></span> <span class='ocrx_word' id='word_1_198' title='bbox 630 1507 715 1534; x_wconf 86' lang='lat' dir='ltr'><strong>tum</strong></span> <span class='ocrx_word' id='word_1_199' title='bbox 744 1497 792 1535; x_wconf 81' lang='lat' dir='ltr'><strong>R.</strong></span> <span class='ocrx_word' id='word_1_200' title='bbox 819 1496 857 1535; x_wconf 92' lang='lat' dir='ltr'><strong>P.</strong></span> <span class='ocrx_word' id='word_1_201' title='bbox 884 1496 933 1536; x_wconf 90' lang='lat' dir='ltr'><strong>ad</strong></span> <span class='ocrx_word' id='word_1_202' title='bbox 953 1511 1015 1536; x_wconf 89' lang='lat' dir='ltr'><strong>me</strong></span> <span class='ocrx_word' id='word_1_203' title='bbox 1036 1497 1145 1550; x_wconf 85' lang='lat' dir='ltr'><strong>prior</strong></span> <span class='ocrx_word' id='word_1_204' title='bbox 1161 1529 1171 1546; x_wconf 80' lang='lat'>‚</span> <span class='ocrx_word' id='word_1_205' title='bbox 1243 1495 1310 1534; x_wconf 88' lang='lat' dir='ltr'><strong>uid</strong></span> <span class='ocrx_word' id='word_1_206' title='bbox 1334 1509 1454 1549; x_wconf 80' lang='lat' dir='ltr'><strong>ergo,</strong></span> <span class='ocrx_word' id='word_1_207' title='bbox 1475 1495 1631 1549; x_wconf 78' lang='lat' dir='ltr'><strong>inquit,</strong></span> <span class='ocrx_word' id='word_1_208' title='bbox 1659 1495 1724 1535; x_wconf 76' lang='lat' dir='ltr'><strong>di-</strong></span> 
     </span>
     <span class='ocr_line' id='line_1_25' title="bbox 492 1549 1722 1605; baseline 0.002 -16"><span class='ocrx_word' id='word_1_209' title='bbox 492 1565 555 1589; x_wconf 87' lang='lat' dir='ltr'><strong>ces</strong></span> <span class='ocrx_word' id='word_1_210' title='bbox 587 1549 635 1589; x_wconf 90' lang='lat' dir='ltr'><strong>de</strong></span> <span class='ocrx_word' id='word_1_211' title='bbox 660 1551 883 1591; x_wconf 84' lang='lat' dir='ltr'><strong>Clariffimo</strong></span> <span class='ocrx_word' id='word_1_212' title='bbox 918 1552 1185 1594; x_wconf 80' lang='lat' dir='ltr'><strong>Torricellio?</strong></span> <span class='ocrx_word' id='word_1_213' title='bbox 1216 1566 1350 1591; x_wconf 88' lang='lat' dir='ltr'><strong>nonne</strong></span> <span class='ocrx_word' id='word_1_214' title='bbox 1379 1551 1592 1605; x_wconf 76' lang='lat' dir='ltr'><strong>insignium</strong></span> <span class='ocrx_word' id='word_1_215' title='bbox 1621 1551 1722 1596; x_wconf 57' lang='lat' dir='ltr'><strong>ade&amp;</strong></span> 
     </span>
     <span class='ocr_line' id='line_1_26' title="bbox 493 1606 1722 1664; baseline 0.001 -19"><span class='ocrx_word' id='word_1_216' title='bbox 493 1607 787 1647; x_wconf 86' lang='lat' dir='ltr'><strong>theorematum</strong></span> <span class='ocrx_word' id='word_1_217' title='bbox 804 1609 1080 1662; x_wconf 81' lang='lat' dir='ltr'><strong>cognitionem</strong></span> <span class='ocrx_word' id='word_1_218' title='bbox 1103 1609 1172 1664; x_wconf 74' lang='lat' dir='ltr'><strong>ipsi</strong></span> <span class='ocrx_word' id='word_1_219' title='bbox 1194 1621 1232 1647; x_wconf 92' lang='lat' dir='ltr'><strong>te</strong></span> <span class='ocrx_word' id='word_1_220' title='bbox 1246 1608 1387 1647; x_wconf 89' lang='lat' dir='ltr'><strong>debere</strong></span> <span class='ocrx_word' id='word_1_221' title='bbox 1407 1606 1615 1662; x_wconf 72' lang='lat' dir='ltr'><strong>fateberis?</strong></span> <span class='ocrx_word' id='word_1_222' title='bbox 1647 1608 1722 1648; x_wconf 66' lang='lat' dir='ltr'><strong>Fa,</strong></span> 
     </span>
     <span class='ocr_line' id='line_1_27' title="bbox 494 1663 1722 1718; baseline 0.002 -16"><span class='ocrx_word' id='word_1_223' title='bbox 494 1676 596 1703; x_wconf 75' lang='lat' dir='ltr'><strong>teter</strong></span> <span class='ocrx_word' id='word_1_224' title='bbox 611 1698 620 1714; x_wconf 65' lang='lat'>2</span> <span class='ocrx_word' id='word_1_225' title='bbox 650 1664 858 1718; x_wconf 87' lang='lat' dir='ltr'><strong>respondi,</strong></span> <span class='ocrx_word' id='word_1_226' title='bbox 883 1665 908 1704; x_wconf 87' lang='lat' dir='ltr'>fi</span> <span class='ocrx_word' id='word_1_227' title='bbox 928 1681 1021 1706; x_wconf 87' lang='lat' dir='ltr'><strong>vera</strong></span> <span class='ocrx_word' id='word_1_228' title='bbox 1044 1665 1184 1710; x_wconf 83' lang='lat' dir='ltr'><strong>effent;</strong></span> <span class='ocrx_word' id='word_1_229' title='bbox 1207 1677 1246 1704; x_wconf 88' lang='lat' dir='ltr'><strong>at</strong></span> <span class='ocrx_word' id='word_1_230' title='bbox 1266 1665 1361 1704; x_wconf 81' lang='lat' dir='ltr'><strong>talia</strong></span> <span class='ocrx_word' id='word_1_231' title='bbox 1383 1680 1466 1705; x_wconf 88' lang='lat' dir='ltr'><strong>non</strong></span> <span class='ocrx_word' id='word_1_232' title='bbox 1490 1663 1565 1704; x_wconf 84' lang='lat' dir='ltr'><strong>effe</strong></span> <span class='ocrx_word' id='word_1_233' title='bbox 1592 1677 1722 1706; x_wconf 83' lang='lat' dir='ltr'><strong>certus</strong></span> 
     </span>
     <span class='ocr_line' id='line_1_28' title="bbox 494 1718 1721 1777; baseline 0.002 -19"><span class='ocrx_word' id='word_1_234' title='bbox 494 1719 577 1759; x_wconf 80' lang='lat' dir='ltr'><strong>sum</strong></span> <span class='ocrx_word' id='word_1_235' title='bbox 599 1739 607 1760; x_wconf 89' lang='lat'>:</span> <span class='ocrx_word' id='word_1_236' title='bbox 631 1720 754 1760; x_wconf 87' lang='lat' dir='ltr'><strong>miror</strong></span> <span class='ocrx_word' id='word_1_237' title='bbox 777 1718 865 1761; x_wconf 66' lang='lat' dir='ltr'><strong>sane</strong></span> <span class='ocrx_word' id='word_1_238' title='bbox 887 1722 996 1777; x_wconf 87' lang='lat' dir='ltr'><strong>quod</strong></span> <span class='ocrx_word' id='word_1_239' title='bbox 1017 1723 1077 1763; x_wconf 87' lang='lat' dir='ltr'><strong>vir</strong></span> <span class='ocrx_word' id='word_1_240' title='bbox 1102 1723 1188 1763; x_wconf 82' lang='lat' dir='ltr'><strong>talis</strong></span> <span class='ocrx_word' id='word_1_241' title='bbox 1216 1720 1356 1761; x_wconf 83' lang='lat' dir='ltr'><strong>falsum</strong></span> <span class='ocrx_word' id='word_1_242' title='bbox 1383 1737 1454 1775; x_wconf 90' lang='lat' dir='ltr'><strong>pro</strong></span> <span class='ocrx_word' id='word_1_243' title='bbox 1476 1736 1573 1763; x_wconf 84' lang='lat' dir='ltr'><strong>vero</strong></span> <span class='ocrx_word' id='word_1_244' title='bbox 1606 1721 1721 1761; x_wconf 85' lang='lat' dir='ltr'><strong>nobis</strong></span> 
     </span>
     <span class='ocr_line' id='line_1_29' title="bbox 493 1776 1722 1834; baseline 0.002 -19"><span class='ocrx_word' id='word_1_245' title='bbox 493 1777 592 1816; x_wconf 82' lang='lat' dir='ltr'><strong>velit</strong></span> <span class='ocrx_word' id='word_1_246' title='bbox 616 1776 851 1828; x_wconf 81' lang='lat' dir='ltr'><strong>obtrudere,</strong></span> <span class='ocrx_word' id='word_1_247' title='bbox 878 1794 951 1819; x_wconf 90' lang='lat' dir='ltr'><strong>nec</strong></span> <span class='ocrx_word' id='word_1_248' title='bbox 973 1780 1081 1820; x_wconf 86' lang='lat' dir='ltr'><strong>aliud</strong></span> <span class='ocrx_word' id='word_1_249' title='bbox 1101 1778 1283 1834; x_wconf 82' lang='lat' dir='ltr'><strong>suspicari</strong></span> <span class='ocrx_word' id='word_1_250' title='bbox 1310 1777 1487 1833; x_wconf 82' lang='lat' dir='ltr'><strong>possum,</strong></span> <span class='ocrx_word' id='word_1_251' title='bbox 1513 1778 1583 1818; x_wconf 85' lang='lat' dir='ltr'><strong>nifi</strong></span> <span class='ocrx_word' id='word_1_252' title='bbox 1613 1776 1722 1832; x_wconf 81' lang='lat' dir='ltr'><strong>quod</strong></span> 
     </span>
     <span class='ocr_line' id='line_1_30' title="bbox 493 1832 1720 1890; baseline 0.002 -19"><span class='ocrx_word' id='word_1_253' title='bbox 493 1832 560 1872; x_wconf 86' lang='lat' dir='ltr'><strong>ille</strong></span> <span class='ocrx_word' id='word_1_254' title='bbox 584 1834 826 1874; x_wconf 69' lang='lat' dir='ltr'><strong>Mechanicfi</strong></span> <span class='ocrx_word' id='word_1_255' title='bbox 853 1836 1023 1889; x_wconf 69' lang='lat' dir='ltr'><strong>quadam</strong></span> <span class='ocrx_word' id='word_1_256' title='bbox 1036 1837 1192 1877; x_wconf 86' lang='lat' dir='ltr'><strong>ratione</strong></span> <span class='ocrx_word' id='word_1_257' title='bbox 1206 1871 1217 1888; x_wconf 86' lang='lat'>‚</span> <span class='ocrx_word' id='word_1_258' title='bbox 1230 1850 1297 1890; x_wconf 85' lang='lat' dir='ltr'><strong>per</strong></span> <span class='ocrx_word' id='word_1_259' title='bbox 1309 1834 1696 1889; x_wconf 85' lang='lat' dir='ltr'><strong>approximationem</strong></span> <span class='ocrx_word' id='word_1_260' title='bbox 1708 1868 1720 1887; x_wconf 80' lang='lat'>‚</span> 
     </span>
     <span class='ocr_line' id='line_1_31' title="bbox 493 1891 1719 1944; baseline 0.002 -16"><span class='ocrx_word' id='word_1_261' title='bbox 493 1891 719 1941; x_wconf 80' lang='lat' dir='ltr'><strong>hujusmodi</strong></span> <span class='ocrx_word' id='word_1_262' title='bbox 745 1891 943 1933; x_wconf 79' lang='lat' dir='ltr'><strong>rationem</strong></span> <span class='ocrx_word' id='word_1_263' title='bbox 961 1892 981 1932; x_wconf 70' lang='grc' dir='ltr'><strong>ἒι</strong></span> <span class='ocrx_word' id='word_1_264' title='bbox 1001 1909 1096 1936; x_wconf 87' lang='lat' dir='ltr'><strong>vero</strong></span> <span class='ocrx_word' id='word_1_265' title='bbox 1119 1909 1201 1934; x_wconf 88' lang='lat' dir='ltr'><strong>non</strong></span> <span class='ocrx_word' id='word_1_266' title='bbox 1225 1891 1584 1944; x_wconf 75' lang='lat' dir='ltr'><strong>admodum-longe</strong></span> <span class='ocrx_word' id='word_1_267' title='bbox 1607 1892 1719 1931; x_wconf 88' lang='lat' dir='ltr'><strong>aber-</strong></span> 
     </span>
     <span class='ocr_line' id='line_1_32' title="bbox 490 1947 1719 2004; baseline 0.002 -20"><span class='ocrx_word' id='word_1_268' title='bbox 490 1959 644 1987; x_wconf 81' lang='lat' dir='ltr'><strong>rantem</strong></span> <span class='ocrx_word' id='word_1_269' title='bbox 666 1947 867 1989; x_wconf 87' lang='lat' dir='ltr'><strong>invenerit</strong></span> <span class='ocrx_word' id='word_1_270' title='bbox 877 1983 889 2000; x_wconf 70' lang='lat'>,</span> <span class='ocrx_word' id='word_1_271' title='bbox 905 1950 1266 2004; x_wconf 83' lang='lat' dir='ltr'><strong>existimaveritque</strong></span> <span class='ocrx_word' id='word_1_272' title='bbox 1279 1963 1414 1988; x_wconf 84' lang='lat' dir='ltr'><strong>veram</strong></span> <span class='ocrx_word' id='word_1_273' title='bbox 1426 1948 1624 1988; x_wconf 87' lang='lat' dir='ltr'><strong>rationem</strong></span> <span class='ocrx_word' id='word_1_274' title='bbox 1638 1962 1719 1987; x_wconf 90' lang='lat' dir='ltr'><strong>non</strong></span> 
     </span>
     <span class='ocr_line' id='line_1_33' title="bbox 490 2002 1717 2060; baseline 0.001 -18"><span class='ocrx_word' id='word_1_275' title='bbox 490 2002 597 2055; x_wconf 83' lang='lat' dir='ltr'><strong>posse</strong></span> <span class='ocrx_word' id='word_1_276' title='bbox 619 2003 773 2058; x_wconf 78' lang='lat' dir='ltr'><strong>detegi3</strong></span> <span class='ocrx_word' id='word_1_277' title='bbox 807 2020 852 2045; x_wconf 89' lang='lat' dir='ltr'><strong>ac</strong></span> <span class='ocrx_word' id='word_1_278' title='bbox 874 2006 1043 2060; x_wconf 85' lang='lat' dir='ltr'><strong>proinde</strong></span> <span class='ocrx_word' id='word_1_279' title='bbox 1067 2007 1171 2046; x_wconf 86' lang='lat' dir='ltr'><strong>suam</strong></span> <span class='ocrx_word' id='word_1_280' title='bbox 1194 2004 1301 2046; x_wconf 85' lang='lat' dir='ltr'><strong>haud</strong></span> <span class='ocrx_word' id='word_1_281' title='bbox 1320 2019 1455 2045; x_wconf 88' lang='lat' dir='ltr'><strong>veram</strong></span> <span class='ocrx_word' id='word_1_282' title='bbox 1480 2002 1578 2051; x_wconf 87' lang='lat' dir='ltr'><strong>csse,</strong></span> <span class='ocrx_word' id='word_1_283' title='bbox 1600 2004 1621 2043; x_wconf 59' lang='lat' dir='ltr'><strong>a</strong></span> <span class='ocrx_word' id='word_1_284' title='bbox 1646 2019 1717 2043; x_wconf 88' lang='lat' dir='ltr'><strong>nc·</strong></span> 
     </span>
     <span class='ocr_line' id='line_1_34' title="bbox 490 2059 1717 2116; baseline 0.002 -18"><span class='ocrx_word' id='word_1_285' title='bbox 490 2059 597 2099; x_wconf 85' lang='lat' dir='ltr'><strong>mine</strong></span> <span class='ocrx_word' id='word_1_286' title='bbox 622 2059 732 2115; x_wconf 87' lang='lat' dir='ltr'><strong>poffe</strong></span> <span class='ocrx_word' id='word_1_287' title='bbox 755 2061 1026 2104; x_wconf 85' lang='lat' dir='ltr'><strong>demonstrari.</strong></span> <span class='ocrx_word' id='word_1_288' title='bbox 1061 2064 1185 2114; x_wconf 78' lang='lat' dir='ltr'><strong>Haec,</strong></span> <span class='ocrx_word' id='word_1_289' title='bbox 1208 2063 1371 2116; x_wconf 87' lang='lat' dir='ltr'><strong>inquam</strong></span> <span class='ocrx_word' id='word_1_290' title='bbox 1395 2076 1470 2116; x_wconf 83' lang='lat' dir='ltr'><strong>ego</strong></span> <span class='ocrx_word' id='word_1_291' title='bbox 1501 2073 1608 2110; x_wconf 80' lang='lat' dir='ltr'><strong>tum,</strong></span> <span class='ocrx_word' id='word_1_292' title='bbox 1624 2076 1717 2101; x_wconf 88' lang='lat' dir='ltr'><strong>ora-</strong></span> 
     </span>
     <span class='ocr_line' id='line_1_35' title="bbox 493 2115 1714 2176; baseline 0.003 -22"><span class='ocrx_word' id='word_1_293' title='bbox 493 2115 601 2156; x_wconf 69' lang='lat' dir='ltr'><strong>tione</strong></span> <span class='ocrx_word' id='word_1_294' title='bbox 617 2151 626 2168; x_wconf 48' lang='lat'>2</span> <span class='ocrx_word' id='word_1_295' title='bbox 651 2116 802 2171; x_wconf 73' lang='lat' dir='ltr'><strong>fateor,</strong></span> <span class='ocrx_word' id='word_1_296' title='bbox 824 2118 941 2175; x_wconf 73' lang='lat' dir='ltr'><strong>plane</strong></span> <span class='ocrx_word' id='word_1_297' title='bbox 966 2120 1126 2176; x_wconf 68' lang='lat' dir='ltr'><strong>scytic2‘i3</strong></span> <span class='ocrx_word' id='word_1_298' title='bbox 1155 2134 1274 2176; x_wconf 84' lang='lat' dir='ltr'><strong>quarn</strong></span> <span class='ocrx_word' id='word_1_299' title='bbox 1296 2118 1364 2160; x_wconf 89' lang='lat' dir='ltr'><strong>ille</strong></span> <span class='ocrx_word' id='word_1_300' title='bbox 1385 2119 1450 2159; x_wconf 62' lang='lat' dir='ltr'><strong>sua</strong></span> <span class='ocrx_word' id='word_1_301' title='bbox 1470 2117 1519 2158; x_wconf 88' lang='lat' dir='ltr'><strong>ad</strong></span> <span class='ocrx_word' id='word_1_302' title='bbox 1541 2132 1611 2158; x_wconf 87' lang='lat' dir='ltr'><strong>vos</strong></span> <span class='ocrx_word' id='word_1_303' title='bbox 1630 2117 1714 2173; x_wconf 73' lang='lat' dir='ltr'><strong>epi-</strong></span> 
     </span>
    </p>
   </div>
  </div>
 </body>
</html>
