1915 2663
319 184 393 225 DE
429 185 855 226 Rnsorurxom
890 184 1303 234 AEQUAmouuM.
1363 192 1438 234 169

264 253 525 305 Qraecunque
544 261 677 288 autem
698 247 868 289 diximus
887 247 936 287 de
964 249 1091 302 primo
1121 261 1350 287 centrorum
1373 248 1436 286 lo-

207 321 279 357 co,
303 322 347 346 ac
369 306 419 346 de
447 306 576 361 primo
600 312 642 346 &
662 304 833 344 secundo
858 305 1184 353 intervallorum,
1208 302 1432 344 referuntur

206 363 342 402 omnia
358 362 407 402 ad
436 363 603 416 primam
625 362 981 405 construifionenn
1002 361 1111 400 sicuti
1135 368 1174 401 δε
1199 360 1346 414 primus
1363 360 1434 399 ba-

218 420 439 458 fiumlocus.
472 421 528 458 At
544 418 569 457 fi
587 417 635 457 ad
660 417 873 457 secundam
895 417 1228 457 constructionem
1244 415 1431 469 respicia-

206 489 291 516 mus
302 508 311 525 ‚
327 475 377 514 ad
391 489 508 528 quam
523 475 695 529 pertinet
709 473 898 514 secundus
911 474 1057 513 basium
1067 476 1175 513 locus
1190 473 1428 516 GMLNO;

204 545 298 571 tunc
318 531 492 586 respectu
514 531 619 571 illius
637 530 937 571 construetionis
956 529 1112 569 dabitur
1127 527 1316 568 secundus
1335 543 1430 568 cen-

203 600 358 627 trorum
383 590 495 628 locus
520 589 599 628 hoc
619 587 753 628 modO.

258 645 410 685 Primus
430 645 733 686 intervallorum
755 645 863 683 locus
884 644 955 683 ET
977 660 1027 695 24
1051 648 1070 685 8
1099 643 1200 683 secat
1217 656 1330 682 axem
1355 640 1427 680 EC

204 700 441 754 produnum
463 702 566 741 inter
579 702 614 740 C
629 709 670 742 &
684 703 718 739 A
735 732 745 749 ,
763 701 802 739 in
816 702 961 753 puncto
985 705 1019 741 8.
1038 699 1198 742 &idem
1215 700 1322 738 locus
1336 710 1428 736 tan-

202 757 265 811 git
288 759 433 797 renam
455 759 527 796 AL
546 758 587 796 in
601 758 745 811 punfto
764 772 833 809 17;
858 756 968 795 ficuti
989 771 1035 794 ex
1059 756 1351 796 construetione
1368 753 1423 792 sc-

201 813 352 853 cundus
369 813 514 853 bafium
526 814 633 852 locus
646 811 814 852 eandem
826 815 899 852 AL
919 813 1050 866 tangit
1071 813 1112 851 in
1126 814 1156 851 L
1171 832 1180 856 3
1193 813 1341 850 secetur
1363 810 1425 848 bi-

200 867 343 909 fariam
362 871 466 909 resta
491 870 526 909 C
543 874 563 910 8
577 870 619 909 in
633 871 778 924 puncto
796 886 844 918 9³
871 882 955 908 turn
979 882 1118 908 centro
1140 869 1174 907 ·P
1192 873 1202 918 (
1217 868 1295 906 hoc
1317 866 1425 905 enim

199 939 414 966 commune
435 926 488 965 est
505 940 685 966 centrum
709 939 790 965 tam
807 925 925 980 primi
945 926 1062 980 quam
1085 923 1245 964 secundi
1264 936 1424 962 centro—-

199 996 289 1022 rum
309 983 472 1032 circuli)
491 983 703 1023 intervallo
722 996 854 1022 autem
873 984 900 1021 P
921 999 942 1030 9
961 1015 971 1032 ,
987 981 1228 1021 describatur
1253 980 1423 1019 circulus

198 1054 223 1087 9
253 1044 296 1080 18
310 1073 320 1089 ‚
343 1039 411 1093 qui
425 1039 590 1078 eandem
609 1041 755 1079 rectam
778 1041 850 1078 AL
873 1039 1102 1092 productam
1121 1039 1223 1076 ultra
1241 1038 1272 1074 L
1287 1047 1426 1089 tanget

197 1094 242 1134 in
268 1100 338 1139 183
368 1096 434 1134 hic
458 1110 553 1149 ergo
583 1095 659 1134 erit
682 1094 870 1134 secundus
902 1108 1130 1134 centrorum
1154 1094 1323 1133 circulus
1338 1125 1347 1141 ,
1381 1099 1422 1132 &t

197 1149 520 1190 circumferentia
546 1152 651 1190 illius
683 1152 760 1190 erit
784 1165 944 1204 quoque
971 1149 1160 1189 secundus
1193 1162 1424 1188 centrorum

194 1209 329 1251 locus;
349 1207 552 1261 quomodo
566 1220 696 1246 autem
713 1219 849 1246 centra
863 1205 1040 1245 secundae
1058 1205 1358 1245 constructionis
1380 1205 1424 1245 in

196 1263 269 1302 tali
299 1265 388 1303 loco
413 1263 681 1318 accipiantur,
703 1262 832 1317 postea
857 1261 1156 1304 declarabimus.
1209 1266 1284 1306 Sed
1306 1274 1346 1309 δε
1364 1268 1424 1307 se-

197 1319 349 1360 cundus
365 1320 670 1360 intervallorum
687 1320 795 1359 locus
815 1335 858 1372 15
878 1337 929 1372 42
949 1321 984 1359 C
1005 1321 1135 1375 tangit
1156 1322 1324 1364 eandem
1342 1340 1423 1365 rec-

193 1388 280 1416 tam
297 1378 369 1415 AL
387 1378 497 1431 supra
511 1378 696 1430 punctum
719 1393 732 1417 1
744 1381 764 1417 8
780 1376 821 1415 in
834 1378 978 1430 punem
997 1392 1042 1425 19
1057 1397 1065 1421 ;
1081 1378 1349 1432 eritque'recta
1372 1399 1385 1422 1
1399 1389 1418 1424 8

203 1448 252 1481 19
267 1433 423 1487 aequalis
442 1435 553 1473 teckae
572 1449 586 1473 1
597 1437 616 1474 8
637 1448 685 1487 17
697 1466 708 1484 ‚
725 1432 932 1488 propterea
948 1432 1056 1487 quod
1069 1436 1174 1475 rena
1186 1453 1209 1485 9
1228 1441 1247 1478 8
1260 1439 1420 1492 :equalis

196 1490 254 1530 est
269 1491 378 1529 rectae
394 1506 416 1538 9
430 1491 479 1530 C.

257 1545 384 1600 Qlod
415 1559 547 1585 autem
579 1559 655 1586 tres
685 1546 826 1586 circuli
847 1580 857 1597 ‚
883 1562 1025 1602 nempe
1050 1547 1238 1590 secundus
1264 1564 1421 1592 centro-

197 1605 307 1651 rum,
331 1609 371 1643 &
392 1603 508 1642 ambo
530 1603 834 1643 intervallorum
850 1636 860 1652 ,
880 1617 1047 1656 tangant
1077 1607 1223 1645 rect-am
1254 1608 1421 1649 eandem

199 1659 276 1697 AL
297 1657 526 1710 productam
541 1659 733 1712 quantum
758 1659 845 1698 satis
862 1691 872 1708 ‚
893 1658 933 1698 id
952 1659 992 1698 vi
1015 1663 1242 1712 geometriae
1254 1662 1421 1704 deduci-

196 1725 262 1752 tur
280 1728 326 1751 ex
348 1714 617 1753 consttutione
638 1715 799 1753 illorum
813 1746 824 1764 ,
843 1728 962 1768 atque
979 1730 1025 1754 ex
1045 1730 1091 1754 eo
1106 1717 1215 1769 quod
1230 1717 1417 1761 secundus

193 1768 345 1808 basium
358 1769 525 1809 circulus
541 1769 707 1809 eandem
727 1784 866 1824 tangat
882 1785 930 1809 ex
947 1772 1258 1817 constr11ffione;
1273 1774 1335 1813 se-o'.
1348 1776 1418 1815 de-

199 1825 430 1864 monstratio
445 1858 455 1875 ‚
473 1839 516 1864 ut
529 1826 812 1879 elegantissima
827 1827 881 1865 est
896 1859 908 1877 ‚
934 1827 990 1866 ita
1010 1834 1051 1868 δε
1079 1829 1300 1882 longissima
1318 1850 1326 1871 :
1344 1847 1415 1871 nos

195 1894 295 1934 ergo
315 1882 438 1936 ipsam
457 1896 546 1921 cum
568 1881 745 1936 plurimis
766 1882 851 1921 aliis
872 1883 1144 1936 relinquimus.

256 1938 462 1991 Qloniam
472 1938 606 1992 itaque
616 1951 785 1992 quatuor
796 1939 857 1977 illi
869 1939 1009 1979 circuli
1020 1973 1030 1990 ‚
1044 1938 1233 1981 secundus
1245 1940 1390 1981 basium
1406 1974 1415 1988 ,

195 1993 388 2033 secundus
400 2003 687 2044 centrorum,&
701 1995 817 2034 ambo
826 1995 1143 2047 intervallorum,
1155 1996 1320 2037 eandem
1330 2013 1417 2037 rec*

196 2061 283 2087 tam
292 2062 461 2103 tangunt
474 2083 485 2100 ,
498 2050 725 2105 habentque
735 2066 872 2091 omnes
879 2066 1017 2092 centra
1029 2054 1093 2093 sua
1106 2054 1148 2093 in
1162 2053 1300 2093 eadem
1313 2056 1416 2093 recita

201 2106 273 2145 AB
286 2105 475 2159 produ&a
487 2120 679 2160 quantum
691 2107 792 2153 satis;
804 2121 921 2163 atque
933 2110 1028 2150 huic
1040 2112 1152 2151 restae
1163 2111 1234 2151 AB
1245 2110 1418 2153 occurrit

243 2170 327 2203 Rec.
342 2163 386 2204 de
401 2164 549 2205 l’Acad.
562 2172 664 2205 Tem.
679 2171 749 2213 VI.³>
1215 2167 1254 2206 Y
